2437 3149
831 301 893 330 OF
915 300 1042 330 JOHN
1067 301 1264 329 M1L'r0N.
1791 293 1839 329 19

250 400 417 453 ferinus,
451 401 596 442 foedus.
657 402 857 444 Sinibahl.
895 402 1284 458 Geneanfflropeias,
1318 403 1343 444 l.
1382 406 1418 451 l,
1450 410 1554 444 tract
1595 406 1635 451 2,
1668 417 1839 457 proaem:

249 469 471 526 indignum
512 469 651 525 itaque
691 481 751 511 est
793 471 857 511 vel
888 478 1112 527 utrumque
1145 471 1214 512 vel
1248 471 1533 512 immerentem
1571 471 1715 512 saltem
1756 478 1838 511 tam

248 537 421 578 immani
443 538 610 579 vinculo
632 537 812 579 invitum
835 539 1076 595 constringi.
1141 538 1258 595 [xii]

954 655 1138 695 Divitice.

314 741 469 783 Contra
488 742 650 782 divitias
669 742 790 796 probe
811 743 973 784 disserit
1002 744 1298 785 Maehiavellus
1327 745 1493 785 divitias
1527 761 1606 786 non
1639 759 1719 787 esse
1750 747 1846 787 belli

255 823 394 849 nervos
417 811 524 863 quod
544 807 662 863 vulyo
684 809 874 849 creditur.
933 811 1100 860 discors,
1123 811 1148 851 l.
1171 813 1212 863 2,
1236 826 1324 865 cap.
1353 813 1415 851 10.

923 923 1175 980 Paupertas.

309 1011 606 1052 Britannorum
659 1013 945 1069 episcoporum
999 1020 1222 1068 paupertus
1270 1012 1440 1053 celebris
1490 1013 1601 1068 apud
1653 1014 1847 1056 Severum

255 1079 478 1133 Salpitium
507 1089 691 1136 tempore
715 1080 948 1122 Constantii
969 1080 1076 1136 imp:
1100 1096 1219 1121 saerae
1239 1080 1333 1121 hist.
1358 1080 1383 1120 l.
1407 1084 1447 1131 2,
1470 1096 1509 1136 p.
1536 1084 1628 1123 157.
1697 1083 1849 1137 [Small

251 1147 454 1202 writing.]
523 1147 648 1202 [xiii]

314 1214 390 1256 See
411 1215 614 1257 Chaucer.
673 1232 728 1257 no
748 1225 923 1272 poverty
945 1217 1020 1257 but
1041 1216 1116 1257 sin.
1180 1216 1291 1257 Wife
1313 1216 1362 1257 of
1377 1216 1521 1257 Bath’s
1542 1217 1634 1268 tale,
1659 1234 1696 1274 p.
1720 1221 1787 1261 36.

580 1331 867 1386 Eleemosyme.
930 1332 1018 1372 vide
1039 1332 1086 1372 cle
1108 1332 1219 1372 bonis
1241 1331 1526 1373 ecclesiasticis.

313 1420 614 1462 Edessenorum
636 1421 740 1461 mira
761 1421 937 1462 charitas
953 1421 996 1461 in
1014 1421 1191 1476 captivis
1211 1420 1559 1462 Antiochensium
1577 1423 1848 1465 redimendis:

253 1489 350 1530 vide
372 1488 481 1544 apud
501 1489 769 1544 Procopium,
791 1488 952 1530 Persic:
976 1493 1014 1529 2.
1074 1504 1168 1529 nam
1192 1498 1233 1530 et
1254 1489 1486 1530 meretrices
1512 1499 1702 1531 ornatum
1730 1507 1848 1532 suum

255 1558 307 1598 ad
338 1558 381 1598 id
417 1557 667 1613 impendisse
704 1558 961 1606 dicebantur,
997 1566 1038 1600 et
1071 1558 1243 1599 rusticos
1270 1559 1462 1613 jumenta
1497 1575 1567 1601 sua
1603 1561 1849 1611 vendidisse,

254 1641 292 1680 p.
317 1629 385 1676 66,
409 1626 506 1668 edit.
531 1642 651 1682 graec.
721 1626 875 1680 [Small
896 1626 1101 1681 writing.]

318 1694 607 1750 Eleemosynas
647 1702 805 1735 nostras
844 1694 1085 1735 hominibus
1125 1703 1243 1736 notas
1283 1711 1335 1736 ne
1373 1696 1547 1737 velimus
1580 1712 1677 1748 esse,
1709 1697 1853 1739 suadet

262 1763 522 1818 Clzrysostom
556 1763 599 1803 in
637 1763 739 1805 Gen.
765 1771 868 1805 orat.
890 1767 929 1812 8,
953 1771 1199 1819 argumento
1234 1763 1458 1805 verissimo.
1519 1765 1630 1821 quod
1665 1765 1853 1807 homines

253 1831 497 1887 plerumque
518 1831 591 1872 ubi
612 1831 779 1872 laudare
801 1831 968 1882 debent,
991 1831 1196 1881 invident,
1221 1847 1303 1871 non
1326 1840 1386 1872 est
1407 1847 1505 1887 ergo
1529 1842 1574 1873 ut
1600 1833 1650 1874 de
1672 1834 1854 1876 human&

255 1900 377 1940 laude
400 1900 579 1940 multum
601 1915 822 1955 speremus.

315 1967 681 2023 Eleemosynarum
704 1967 976 2023 profusissimi
997 1983 1080 2008 non
1103 1984 1261 2023 semper
1282 1970 1377 2009 vere
1399 1969 1457 2024 pii
1479 1978 1525 2009 ut
1547 1969 1589 2009 in
1624 1970 1853 2011 Adelberto

258 2035 494 2092 Eporregiae
515 2035 751 2077 marchione
784 2035 925 2076 videre
956 2043 1016 2076 est
1046 2035 1117 2091 qui
1153 2051 1248 2076 cum
1276 2036 1444 2089 juvenis
1478 2036 1774 2092 benignissimo
1809 2038 1853 2078 in

257 2119 455 2160 pauperes
476 2103 614 2145 animo
648 2104 769 2145 fuisse
799 2103 911 2144 visus
942 2112 1058 2154 esset,
1095 2103 1261 2144 adultus
1297 2104 1413 2145 famae
1450 2105 1501 2145 ob
1536 2104 1748 2160 perfidiam
1784 2122 1854 2148 ne-

258 2173 461 2230 quissimae
485 2173 700 2214 ferebatur.
774 2172 1014 2228 Cuspinian.
1039 2150 1373 2227 idsserengaria
1395 2189 1435 2229 p.
1459 2176 1558 2215 223.

317 2241 547 2281 Erronibus
580 2241 782 2282 mendicis
815 2256 899 2281 non
933 2240 1132 2290 dandum,
1170 2248 1217 2280 ut
1257 2248 1399 2281 monet
1437 2241 1604 2282 Atticus
1639 2242 1853 2298 episeopus

259 2309 398 2351 Const.
423 2326 510 2353 τοις
530 2308 849 2365 αἰσχυνομενοις
870 2325 946 2359 την
968 2308 1149 2359 αἴτησιν,
1171 2307 1270 2348 ἀλλ’
1303 2307 1399 2364 ὀυχὶ
1432 2311 1517 2353 τοῖς
1550 2310 1756 2366 ἐμπορίαν
1786 2311 1855 2353 δια,

257 2377 357 2428 βίου
378 2377 453 2429 τὴν
468 2394 659 2433 ‹yae-repa
678 2375 988 2432 προτεθεικόσι.
1039 2375 1196 2417 Socrat.
1214 2376 1241 2417 1.
1261 2379 1300 2426 7,
1315 2392 1349 2417 e.
1369 2380 1435 2418 25.
1480 2377 1632 2433 [Small
1648 2379 1850 2435 writing.]

318 2446 600 2501 Eleemosynae
640 2453 732 2501 post
767 2451 942 2485 mortem
984 2443 1087 2484 datae
1130 2443 1172 2483 in
1215 2443 1264 2484 iis
1300 2444 1420 2485 rebus
1453 2446 1635 2500 perditis,
1669 2456 1710 2487 et
1740 2448 1856 2489 vanis

262 2523 453 2556 numerat
478 2515 672 2556 Ariostus
703 2529 802 2570 quas
833 2513 885 2553 ad
915 2512 1115 2553 circulum
1156 2512 1287 2553 Lunae
1319 2514 1457 2554 volare
1493 2513 1615 2569 fingit
1649 2515 1736 2556 sine
1772 2516 1857 2557 ullo

266 2583 453 2624 dantium
477 2583 634 2624 fructu:
656 2581 909 2623 l’elemosina
932 2581 968 2630 ἒ,
992 2580 1096 2630 dice,
1119 2580 1195 2621 che
1227 2580 1259 2620 si
1290 2581 1391 2622 lassa
1413 2582 1561 2631 alcum,
1583 2582 1657 2624 che
1682 2583 1780 2625 satta
1802 2584 1860 2625 sia

264 2650 374 2706 dopo
395 2650 434 2691 la
457 2659 598 2692 morte.
661 2650 779 2691 Cant.
805 2653 870 2690 34.
936 2647 1089 2704 [Small
1114 2645 1315 2704 writing.]

1879 657 1955 697 148

1883 933 1957 973 150

1885 1333 1951 1373 151
