2437 3149
814 290 875 319 oF
899 290 1024 320 ιΙΟΗΝ
1050 288 1250 318 MIL'roN.
1775 276 1821 314 17

230 391 288 432 ait
320 391 445 432 etiam
479 392 529 433 ab
563 391 782 434 Theodoto
821 392 1056 434 Patri-archa
1091 391 1149 432 ita
1185 398 1406 431 statutum:
1450 387 1547 429 vide
1579 387 1651 428 lib.
1689 387 1826 427 matri·

231 459 398 500 monial.
420 460 530 515 apud
553 460 634 501 Jus
664 461 1003 510 Grceco-Romsm,
1028 475 1065 515 p.
1089 460 1184 501 507.
1253 457 1355 512 [xi]

294 526 520 569 Guntarius
553 528 883 584 archiepiscopus
919 527 1176 569 Coloniensis
1216 534 1257 567 et
1299 524 1535 579 Tirgandus
1578 522 1830 563 Trevirensis
1885 550 1888 553 -

236 593 482 636 Lotharium
533 595 814 651 Letharingiae
865 595 1011 636 ducem
1063 593 1281 649 repudiata
1333 592 1542 647 Tirburgfi
1583 590 1828 631 Vastiadam

233 662 501 704 inducentem
522 664 868 719 approbaverunt.
936 663 1095 703 lezccm.
1118 662 1144 702 1.
1170 663 1239 710 78,
1263 663 1358 701 655.

296 731 375 770 Pro
397 731 575 772 divertio
596 731 693 771 vide
714 731 868 771 Bodin.
890 729 1033 785 repub.
1058 729 1083 770 l.
1112 732 1149 778 1,
1172 744 1205 769 c.
1230 732 1267 769 3.

295 798 477 839 Renatus
501 798 754 854 Lotaringiae
776 798 863 838 dux
884 796 1102 852 repudiata
1121 796 1172 836 ob
1191 795 1494 836 deformitatem
1513 802 1554 835 et
1573 794 1829 836 sterilitatem

235 881 366 907 uxore
401 865 650 922 Margaretzi,
687 867 856 907 vivente
889 865 937 906 est
975 864 1211 920 philippam
1244 863 1554 918 superinduxit3
1586 879 1663 904 nee
1694 871 1832 905 tamen

235 934 323 988 ejus
359 949 412 975 ex
450 933 647 990 Philipp-a
686 933 797 974 filius
836 933 1075 974 haereditate
1116 932 1311 989 dejectus
1381 931 1539 971 Tlmcm.
1574 930 1669 971 hist.
1701 931 1727 972 1.
1762 935 1831 982 24,

237 1019 276 1058 p.
302 1006 324 1045 7
331 1006 397 1043 34.

297 1070 551 1111 Willielmus
592 1069 912 1110 Arausionensis
954 1069 1133 1124 (Belgiae
1173 1077 1215 1109 et
1257 1068 1579 1108 Protestantium
1623 1067 1832 1121 defensor)

239 1139 430 1180 abdicata
463 1155 485 1179 a
518 1154 558 1179 se
595 1139 647 1179 ob
683 1153 816 1179 mores
846 1153 976 1178 uxore
1009 1137 1138 1178 Annii
1167 1136 1356 1177 Mauritii
1388 1136 1563 1177 Saxonis
1585 1138 1607 1177 7
1633 1136 1713 1175 viri
1735 1135 1832 1185 filia,

240 1207 448 1249 Carlotam
482 1206 733 1248 Borboniam
759 1206 1041 1262 Monpenserii
1062 1204 1189 1246 filiam
1213 1205 1349 1245 duxit.
1419 1205 1575 1245 leuau.
1598 1204 1692 1245 hist.
1715 1204 1741 1244 I.
1766 1207 1834 1253 60,

239 1289 278 1329 p.
302 1276 368 1317 72.

296 1341 481 1383 Joannes
520 1341 663 1382 Basilii
699 1341 808 1382 filius
846 1341 1122 1382 Moschovum
1155 1341 1257 1390 dux,
1288 1355 1417 1381 uxore
1448 1340 1681 1395 repudiata,
1709 1339 1834 1395 quod,

238 1409 398 1465 quoties
423 1410 547 1460 vult,a
568 1410 630 1450 illi
662 1410 845 1450 moribus
873 1409 1015 1465 patriis
1040 1409 1151 1460 lieet,
1175 1424 1325 1449 novam
1359 1408 1486 1449 ducit.
1556 1409 1593 1448 T
1592 1409 1717 1449 lnam.
1740 1407 1833 1448 hist.

240 1479 268 1518 l.
294 1480 363 1529 72,
385 1495 424 1535 p.
448 1482 547 1521 471.

300 1546 473 1603 Propter
513 1546 859 1602 impedimentum
902 1546 1088 1587 naturale
1131 1545 1382 1587 Vincentius
1425 1545 1607 1586 Mantuae
1648 1544 1838 1600 princeps

241 1615 473 1656 Alexandri
495 1615 682 1656 Farnesii
703 1615 831 1655 filiam
854 1615 1058 1670 repudiat,
1077 1614 1157 1655 alifi
1174 1613 1478 1669 superinducta.
1548 1614 1587 1654 T
1585 1614 1706 1654 lucem.
1725 1614 1750 1654 l.
1770 1617 1837 1662 80,

240 1699 280 1740 p.
303 1685 398 1726 703.

299 1750 507 1793 Henrieus
529 1754 624 1792 4tus
648 1751 791 1793 Galliae
813 1751 906 1792 Rex
928 1751 1199 1807 Margaritam
1221 1765 1394 1791 uxorem
1418 1750 1470 1791 ob
1494 1765 1626 1791 mores
1648 1750 1838 1805 quamvis

240 1819 501 1874 cognationis
528 1820 701 1861 obtentu
728 1820 977 1875 repudiavit,
1002 1819 1226 1874 multisque
1258 1817 1459 1873 exemplis
1490 1817 1534 1857 id
1566 1817 1643 1858 sibi
1675 1833 1838 1873 quoque

241 1887 364 1928 licere
386 1888 653 1938 demonstrat,
677 1888 788 1943 quod
809 1888 881 1929 alii
902 1896 996 1929 ante
1018 1903 1058 1929 se
1080 1902 1197 1943 reges
1224 1886 1357 1927 varias
1383 1886 1435 1927 ob
1467 1900 1606 1926 causas
1638 1885 1837 1927 fecissent.

249 1956 407 1998 leuan.
428 1955 526 1997 hist.
548 1956 575 1996 l.
602 1959 702 2009 123,
726 1972 767 2011 p.
789 1959 886 1997 885.

924 2070 988 2111 De
1012 2069 1162 2111 Servis.
1876 2094 1943 2134 113

302 2150 519 2202 Quodnam
565 2150 700 2191 fuerat
736 2151 804 2204 jus
850 2149 1113 2190 dominorum
1155 2149 1199 2188 in
1242 2162 1391 2189 servos.
1479 2146 1584 2188 Vide
1625 2147 1901 2192 chstz'nianm

245 2219 427 2260 Institut.
452 2219 479 2259 1.
506 2222 542 2269 1,
564 2221 628 2259 tit.
652 2222 691 2267 8,
716 2220 738 2271 ξ
767 2221 801 2259 1.
926 2210 932 2214 ’

301 2287 364 2328 De
386 2287 719 2327 manumissione.
780 2286 1000 2327 ,Justz‘nian
1023 2285 1209 2326 Institut.
1232 2284 1261 2325 1.
1287 2287 1324 2334 1,
1346 2283 1411 2324 tit.
1436 2284 1477 2335 5,
1505 2290 1545 2324 et
1567 2285 1606 2324 6.

306 2354 442 2395 Servis
468 2353 678 2409 refugium
708 2369 729 2393 a
759 2353 871 2393 duris
903 2352 1082 2392 dominis
1113 2359 1173 2392 est
1205 2351 1346 2391 datum
1375 2350 1467 2405 lege
1494 2349 1621 2398 civili,
1645 2364 1740 2389 eum
1765 2348 1842 2389 hac

244 2422 387 2478 pulcra
421 2422 593 2472 ratione,
624 2421 734 2477 quod
771 2421 930 2476 reipub.
962 2420 1133 2475 expedit
1163 2435 1215 2460 ne
1247 2418 1318 2459 su&
1349 2434 1391 2460 re
1423 2418 1513 2474 quis
1545 2418 1651 2458 male
1687 2424 1838 2458 utatur.
1867 2430 1893 2444 ν

245 2490 463 2532 Justinicm
489 2490 673 2531 Institut.
695 2489 722 2531 l.
750 2492 784 2535 1,
807 2489 872 2530 tit.
898 2491 938 2538 8,
963 2490 984 2542 ξ
1013 2491 1047 2528 ].

286 2607 300 2621 ¹¹
324 2603 401 2633 Non
417 2603 489 2644 regi
506 2604 611 2634 solum
628 2604 684 2635 sed
700 2603 816 2634 cuivis.
863 2603 954 2633 Baro
971 2602 1013 2633 ab
1031 2601 1170 2632 Herber.
1196 2601 1235 2631 de
1260 2599 1387 2631 Maseli.
1435 2598 1563 2639 (These
1591 2599 1699 2629 words
1725 2608 1781 2629 are
1810 2598 1844 2628 in

246 2657 302 2688 the
318 2657 479 2697 margin.)

308 2723 456 2753 OAMD.
485 2723 582 2752 SOC.
1034 2722 1064 2748 1)
