<?xml version="1.0" encoding="UTF-8"?>
<!DOCTYPE html PUBLIC "-//W3C//DTD XHTML 1.0 Transitional//EN"
    "http://www.w3.org/TR/xhtml1/DTD/xhtml1-transitional.dtd">
<html xmlns="http://www.w3.org/1999/xhtml" xml:lang="en" lang="en">
 <head>
  <title>
</title>
<meta http-equiv="Content-Type" content="text/html;charset=utf-8" />
  <meta name='ocr-system' content='tesseract 3.04.00' />
  <meta name='ocr-capabilities' content='ocr_page ocr_carea ocr_par ocr_line ocrx_word'/>
</head>
<body>
  <div class='ocr_page' id='page_1' title='image "./placebooko00miltcommonrich_0053.png"; bbox 0 0 2437 3149; ppageno 0'>
   <div class='ocr_carea' id='block_1_1' title="bbox 799 282 1805 327">
    <p class='ocr_par' dir='ltr' id='par_1_1' title="bbox 799 282 1805 327">
     <span class='ocr_line' id='line_1_1' title="bbox 799 282 1805 327; baseline -0.005 -2"><span class='ocrx_word' id='word_1_1' title='bbox 799 298 860 326; x_wconf 74' lang='lat' dir='ltr'>oF</span> <span class='ocrx_word' id='word_1_2' title='bbox 882 297 1009 327; x_wconf 60' lang='grc' dir='ltr'>ι101111</span> <span class='ocrx_word' id='word_1_3' title='bbox 1033 296 1230 325; x_wconf 74' lang='lat' dir='ltr'>MJLTON.</span> <span class='ocrx_word' id='word_1_4' title='bbox 1753 282 1805 320; x_wconf 80' lang='lat'>25</span> 
     </span>
    </p>
   </div>
   <div class='ocr_carea' id='block_1_2' title="bbox 223 395 1832 2494">
    <p class='ocr_par' dir='ltr' id='par_1_2' title="bbox 223 395 1810 589">
     <span class='ocr_line' id='line_1_2' title="bbox 223 395 1809 449; baseline -0.003 -12"><span class='ocrx_word' id='word_1_5' title='bbox 223 396 438 439; x_wconf 89' lang='lat' dir='ltr'>dominum</span> <span class='ocrx_word' id='word_1_6' title='bbox 471 398 537 440; x_wconf 85' lang='lat' dir='ltr'>dei</span> <span class='ocrx_word' id='word_1_7' title='bbox 571 399 662 441; x_wconf 86' lang='lat' dir='ltr'>vice</span> <span class='ocrx_word' id='word_1_8' title='bbox 698 399 853 449; x_wconf 77' lang='lat' dir='ltr'>dicam3</span> <span class='ocrx_word' id='word_1_9' title='bbox 885 408 1076 441; x_wconf 76' lang='lat' dir='ltr'>caeterum</span> <span class='ocrx_word' id='word_1_10' title='bbox 1108 399 1211 439; x_wconf 89' lang='lat' dir='ltr'>liber</span> <span class='ocrx_word' id='word_1_11' title='bbox 1247 411 1337 437; x_wconf 87' lang='lat' dir='ltr'>SUm</span> <span class='ocrx_word' id='word_1_12' title='bbox 1368 396 1444 443; x_wconf 85' lang='lat' dir='ltr'>illi,</span> <span class='ocrx_word' id='word_1_13' title='bbox 1469 395 1662 435; x_wconf 84' lang='lat' dir='ltr'>dominus</span> <span class='ocrx_word' id='word_1_14' title='bbox 1696 408 1809 433; x_wconf 85' lang='lat' dir='ltr'>meus</span> 
     </span>
     <span class='ocr_line' id='line_1_3' title="bbox 223 461 1810 522; baseline -0.003 -18"><span class='ocrx_word' id='word_1_15' title='bbox 223 463 323 505; x_wconf 88' lang='lat' dir='ltr'>deus</span> <span class='ocrx_word' id='word_1_16' title='bbox 343 481 450 507; x_wconf 84' lang='lat' dir='ltr'>unus</span> <span class='ocrx_word' id='word_1_17' title='bbox 477 474 549 517; x_wconf 81' lang='lat' dir='ltr'>est,</span> <span class='ocrx_word' id='word_1_18' title='bbox 573 467 648 508; x_wconf 63' lang='lat' dir='ltr'>doc.</span> <span class='ocrx_word' id='word_1_19' title='bbox 715 468 755 507; x_wconf 88' lang='grc' dir='ltr'><em>Τ</em></span> <span class='ocrx_word' id='word_1_20' title='bbox 751 467 880 508; x_wconf 70' lang='lat' dir='ltr'>ertull.</span> <span class='ocrx_word' id='word_1_21' title='bbox 905 467 1110 522; x_wconf 81' lang='lat' dir='ltr'>apologet.</span> <span class='ocrx_word' id='word_1_22' title='bbox 1134 481 1172 521; x_wconf 89' lang='lat' dir='ltr'>p.</span> <span class='ocrx_word' id='word_1_23' title='bbox 1196 468 1266 514; x_wconf 90' lang='grc'>31,</span> <span class='ocrx_word' id='word_1_24' title='bbox 1290 464 1387 506; x_wconf 77' lang='lat' dir='ltr'>edit.</span> <span class='ocrx_word' id='word_1_25' title='bbox 1423 463 1559 519; x_wconf 83' lang='lat' dir='ltr'>rigalt.</span> <span class='ocrx_word' id='word_1_26' title='bbox 1593 461 1664 518; x_wconf 88' lang='lat' dir='ltr'>qui</span> <span class='ocrx_word' id='word_1_27' title='bbox 1695 469 1810 516; x_wconf 78' lang='lat' dir='ltr'>pater</span> 
     </span>
     <span class='ocr_line' id='line_1_4' title="bbox 223 532 1138 589; baseline 0 -18"><span class='ocrx_word' id='word_1_28' title='bbox 223 532 363 586; x_wconf 86' lang='lat' dir='ltr'>patriae</span> <span class='ocrx_word' id='word_1_29' title='bbox 384 541 456 584; x_wconf 85' lang='lat' dir='ltr'>est,</span> <span class='ocrx_word' id='word_1_30' title='bbox 479 533 686 589; x_wconf 89' lang='lat' dir='ltr'>quomodo</span> <span class='ocrx_word' id='word_1_31' title='bbox 710 534 902 574; x_wconf 87' lang='lat' dir='ltr'>dominus</span> <span class='ocrx_word' id='word_1_32' title='bbox 923 533 1010 575; x_wconf 82' lang='lat' dir='ltr'>est?</span> <span class='ocrx_word' id='word_1_33' title='bbox 1040 533 1138 574; x_wconf 84' lang='lat' dir='ltr'>ibid.</span> 
     </span>
    </p>

    <p class='ocr_par' dir='ltr' id='par_1_3' title="bbox 223 594 1826 1661">
     <span class='ocr_line' id='line_1_5' title="bbox 282 594 1811 655; baseline -0.005 -15"><span class='ocrx_word' id='word_1_34' title='bbox 282 600 347 640; x_wconf 91' lang='lat' dir='ltr'>De</span> <span class='ocrx_word' id='word_1_35' title='bbox 379 600 539 642; x_wconf 83' lang='lat' dir='ltr'>haerede</span> <span class='ocrx_word' id='word_1_36' title='bbox 574 601 879 643; x_wconf 82' lang='lat' dir='ltr'>constituendo.</span> <span class='ocrx_word' id='word_1_37' title='bbox 943 601 1156 655; x_wconf 85' lang='lat' dir='ltr'>Optimum</span> <span class='ocrx_word' id='word_1_38' title='bbox 1189 614 1273 640; x_wconf 89' lang='lat' dir='ltr'>esse</span> <span class='ocrx_word' id='word_1_39' title='bbox 1305 598 1339 639; x_wconf 92' lang='lat' dir='ltr'>si</span> <span class='ocrx_word' id='word_1_40' title='bbox 1368 613 1443 639; x_wconf 84' lang='lat' dir='ltr'>rex</span> <span class='ocrx_word' id='word_1_41' title='bbox 1470 596 1604 637; x_wconf 87' lang='lat' dir='ltr'>filium</span> <span class='ocrx_word' id='word_1_42' title='bbox 1627 594 1811 636; x_wconf 85' lang='lat' dir='ltr'>suumin</span> 
     </span>
     <span class='ocr_line' id='line_1_6' title="bbox 223 665 1812 724; baseline -0.003 -18"><span class='ocrx_word' id='word_1_43' title='bbox 223 681 399 722; x_wconf 86' lang='lat' dir='ltr'>regnum</span> <span class='ocrx_word' id='word_1_44' title='bbox 433 677 525 724; x_wconf 90' lang='lat' dir='ltr'>post</span> <span class='ocrx_word' id='word_1_45' title='bbox 555 685 596 711; x_wconf 90' lang='lat' dir='ltr'>se</span> <span class='ocrx_word' id='word_1_46' title='bbox 626 669 853 711; x_wconf 81' lang='lat' dir='ltr'>traditurus</span> <span class='ocrx_word' id='word_1_47' title='bbox 883 669 936 710; x_wconf 91' lang='lat' dir='ltr'>sit</span> <span class='ocrx_word' id='word_1_48' title='bbox 965 669 1022 710; x_wconf 89' lang='lat' dir='ltr'>sic</span> <span class='ocrx_word' id='word_1_49' title='bbox 1052 668 1255 716; x_wconf 87' lang='lat' dir='ltr'>instituat,</span> <span class='ocrx_word' id='word_1_50' title='bbox 1279 673 1326 707; x_wconf 90' lang='lat' dir='ltr'>ut</span> <span class='ocrx_word' id='word_1_51' title='bbox 1354 665 1493 706; x_wconf 83' lang='lat' dir='ltr'>credat</span> <span class='ocrx_word' id='word_1_52' title='bbox 1513 672 1671 720; x_wconf 87' lang='lat' dir='ltr'>patrem</span> <span class='ocrx_word' id='word_1_53' title='bbox 1693 678 1812 703; x_wconf 80' lang='lat' dir='ltr'>sumn</span> 
     </span>
     <span class='ocr_line' id='line_1_7' title="bbox 226 732 1813 789; baseline -0.003 -15"><span class='ocrx_word' id='word_1_54' title='bbox 226 735 344 789; x_wconf 84' lang='lat' dir='ltr'>regni</span> <span class='ocrx_word' id='word_1_55' title='bbox 384 736 679 777; x_wconf 80' lang='lat' dir='ltr'>successionem</span> <span class='ocrx_word' id='word_1_56' title='bbox 719 751 802 776; x_wconf 90' lang='lat' dir='ltr'>non</span> <span class='ocrx_word' id='word_1_57' title='bbox 843 736 952 776; x_wconf 86' lang='lat' dir='ltr'>aetati</span> <span class='ocrx_word' id='word_1_58' title='bbox 985 735 1073 789; x_wconf 86' lang='lat' dir='ltr'>ejus</span> <span class='ocrx_word' id='word_1_59' title='bbox 1108 734 1178 775; x_wconf 89' lang='lat' dir='ltr'>sed</span> <span class='ocrx_word' id='word_1_60' title='bbox 1214 733 1371 774; x_wconf 87' lang='lat' dir='ltr'>meritis</span> <span class='ocrx_word' id='word_1_61' title='bbox 1407 732 1624 782; x_wconf 83' lang='lat' dir='ltr'>destinare,</span> <span class='ocrx_word' id='word_1_62' title='bbox 1661 746 1737 772; x_wconf 89' lang='lat' dir='ltr'>nec</span> <span class='ocrx_word' id='word_1_63' title='bbox 1773 745 1813 770; x_wconf 88' lang='lat' dir='ltr'>se</span> 
     </span>
     <span class='ocr_line' id='line_1_8' title="bbox 225 797 1816 859; baseline -0.003 -16"><span class='ocrx_word' id='word_1_64' title='bbox 225 811 442 858; x_wconf 84' lang='lat' dir='ltr'>paternum</span> <span class='ocrx_word' id='word_1_65' title='bbox 465 804 687 859; x_wconf 87' lang='lat' dir='ltr'>imperium</span> <span class='ocrx_word' id='word_1_66' title='bbox 709 812 904 859; x_wconf 83' lang='lat' dir='ltr'>tanquam</span> <span class='ocrx_word' id='word_1_67' title='bbox 928 802 1106 858; x_wconf 87' lang='lat' dir='ltr'>praedam</span> <span class='ocrx_word' id='word_1_68' title='bbox 1134 801 1450 851; x_wconf 76' lang='lat' dir='ltr'>haereditariam,</span> <span class='ocrx_word' id='word_1_69' title='bbox 1472 800 1542 841; x_wconf 89' lang='lat' dir='ltr'>scd</span> <span class='ocrx_word' id='word_1_70' title='bbox 1572 807 1620 840; x_wconf 90' lang='lat' dir='ltr'>ut</span> <span class='ocrx_word' id='word_1_71' title='bbox 1649 797 1816 839; x_wconf 85' lang='lat' dir='ltr'>virtutis</span> 
     </span>
     <span class='ocr_line' id='line_1_9' title="bbox 227 868 1814 928; baseline -0.002 -18"><span class='ocrx_word' id='word_1_72' title='bbox 227 871 442 926; x_wconf 74' lang='lat' dir='ltr'>praemium</span> <span class='ocrx_word' id='word_1_73' title='bbox 476 880 763 928; x_wconf 86' lang='lat' dir='ltr'>accepturum:</span> <span class='ocrx_word' id='word_1_74' title='bbox 795 871 968 927; x_wconf 83' lang='lat' dir='ltr'>proinde</span> <span class='ocrx_word' id='word_1_75' title='bbox 1001 878 1049 911; x_wconf 89' lang='lat' dir='ltr'>ut</span> <span class='ocrx_word' id='word_1_76' title='bbox 1079 871 1233 912; x_wconf 76' lang='lat' dir='ltr'>secreto</span> <span class='ocrx_word' id='word_1_77' title='bbox 1264 869 1402 925; x_wconf 72' lang='lat' dir='ltr'>potius</span> <span class='ocrx_word' id='word_1_78' title='bbox 1433 868 1542 923; x_wconf 86' lang='lat' dir='ltr'>apud</span> <span class='ocrx_word' id='word_1_79' title='bbox 1577 883 1618 908; x_wconf 93' lang='lat' dir='ltr'>se</span> <span class='ocrx_word' id='word_1_80' title='bbox 1648 875 1814 916; x_wconf 80' lang='lat' dir='ltr'>statuat,</span> 
     </span>
     <span class='ocr_line' id='line_1_10' title="bbox 229 935 1818 994; baseline -0.003 -15"><span class='ocrx_word' id='word_1_81' title='bbox 229 940 351 993; x_wconf 68' lang='lat' dir='ltr'>quam</span> <span class='ocrx_word' id='word_1_82' title='bbox 374 939 539 994; x_wconf 89' lang='lat' dir='ltr'>publice</span> <span class='ocrx_word' id='word_1_83' title='bbox 560 940 739 981; x_wconf 86' lang='lat' dir='ltr'>declarat</span> <span class='ocrx_word' id='word_1_84' title='bbox 760 955 883 994; x_wconf 87' lang='lat' dir='ltr'>quem</span> <span class='ocrx_word' id='word_1_85' title='bbox 913 939 965 980; x_wconf 90' lang='lat' dir='ltr'>sit</span> <span class='ocrx_word' id='word_1_86' title='bbox 992 938 1111 994; x_wconf 81' lang='lat' dir='ltr'>regni</span> <span class='ocrx_word' id='word_1_87' title='bbox 1141 937 1346 978; x_wconf 72' lang='lat' dir='ltr'>haeredem</span> <span class='ocrx_word' id='word_1_88' title='bbox 1377 936 1608 986; x_wconf 85' lang='lat' dir='ltr'>relicturus,</span> <span class='ocrx_word' id='word_1_89' title='bbox 1632 943 1673 976; x_wconf 92' lang='lat' dir='ltr'>et</span> <span class='ocrx_word' id='word_1_90' title='bbox 1702 935 1818 976; x_wconf 87' lang='lat' dir='ltr'>velut</span> 
     </span>
     <span class='ocr_line' id='line_1_11' title="bbox 229 1003 1820 1063; baseline -0.003 -16"><span class='ocrx_word' id='word_1_91' title='bbox 229 1006 274 1047; x_wconf 87' lang='lat' dir='ltr'>in</span> <span class='ocrx_word' id='word_1_92' title='bbox 296 1006 422 1047; x_wconf 88' lang='lat' dir='ltr'>dubio</span> <span class='ocrx_word' id='word_1_93' title='bbox 443 1007 649 1063; x_wconf 84' lang='lat' dir='ltr'>relinquat</span> <span class='ocrx_word' id='word_1_94' title='bbox 671 1023 717 1049; x_wconf 85' lang='lat' dir='ltr'>ea</span> <span class='ocrx_word' id='word_1_95' title='bbox 740 1007 863 1063; x_wconf 61' lang='lat' dir='ltr'>opera</span> <span class='ocrx_word' id='word_1_96' title='bbox 889 1007 1089 1063; x_wconf 88' lang='lat' dir='ltr'>perficiet,</span> <span class='ocrx_word' id='word_1_97' title='bbox 1113 1013 1160 1046; x_wconf 88' lang='lat' dir='ltr'>ut</span> <span class='ocrx_word' id='word_1_98' title='bbox 1189 1020 1241 1046; x_wconf 90' lang='lat' dir='ltr'>ne</span> <span class='ocrx_word' id='word_1_99' title='bbox 1272 1020 1375 1060; x_wconf 88' lang='lat' dir='ltr'>puer</span> <span class='ocrx_word' id='word_1_100' title='bbox 1405 1004 1529 1044; x_wconf 88' lang='lat' dir='ltr'>minis</span> <span class='ocrx_word' id='word_1_101' title='bbox 1560 1003 1749 1044; x_wconf 81' lang='lat' dir='ltr'>ferociter</span> <span class='ocrx_word' id='word_1_102' title='bbox 1779 1018 1820 1043; x_wconf 92' lang='lat' dir='ltr'>se</span> 
     </span>
     <span class='ocr_line' id='line_1_12' title="bbox 231 1071 1822 1131; baseline -0.003 -16"><span class='ocrx_word' id='word_1_103' title='bbox 231 1082 367 1130; x_wconf 81' lang='lat' dir='ltr'>gerat3</span> <span class='ocrx_word' id='word_1_104' title='bbox 404 1074 622 1131; x_wconf 71' lang='lat' dir='ltr'>minusque</span> <span class='ocrx_word' id='word_1_105' title='bbox 655 1075 915 1116; x_wconf 75' lang='lat' dir='ltr'>adulatorum</span> <span class='ocrx_word' id='word_1_106' title='bbox 956 1090 1082 1130; x_wconf 81' lang='lat' dir='ltr'>grege</span> <span class='ocrx_word' id='word_1_107' title='bbox 1123 1073 1296 1129; x_wconf 86' lang='lat' dir='ltr'>stipatus</span> <span class='ocrx_word' id='word_1_108' title='bbox 1337 1072 1403 1123; x_wconf 90' lang='lat' dir='ltr'>sit,</span> <span class='ocrx_word' id='word_1_109' title='bbox 1445 1087 1521 1113; x_wconf 87' lang='lat' dir='ltr'>nec</span> <span class='ocrx_word' id='word_1_110' title='bbox 1561 1071 1656 1113; x_wconf 81' lang='lat' dir='ltr'>vitae</span> <span class='ocrx_word' id='word_1_111' title='bbox 1695 1071 1822 1126; x_wconf 80' lang='lat' dir='ltr'>patris</span> 
     </span>
     <span class='ocr_line' id='line_1_13' title="bbox 230 1140 1823 1196; baseline -0.002 -13"><span class='ocrx_word' id='word_1_112' title='bbox 230 1142 398 1184; x_wconf 84' lang='lat' dir='ltr'>insidias</span> <span class='ocrx_word' id='word_1_113' title='bbox 419 1152 562 1195; x_wconf 80' lang='lat' dir='ltr'>struat,</span> <span class='ocrx_word' id='word_1_114' title='bbox 585 1145 747 1185; x_wconf 88' lang='lat' dir='ltr'>cumin</span> <span class='ocrx_word' id='word_1_115' title='bbox 775 1144 932 1185; x_wconf 88' lang='lat' dir='ltr'>incerto</span> <span class='ocrx_word' id='word_1_116' title='bbox 964 1144 1017 1184; x_wconf 91' lang='lat' dir='ltr'>sit</span> <span class='ocrx_word' id='word_1_117' title='bbox 1047 1143 1224 1184; x_wconf 87' lang='lat' dir='ltr'>fueritne</span> <span class='ocrx_word' id='word_1_118' title='bbox 1255 1141 1357 1182; x_wconf 85' lang='lat' dir='ltr'>alius</span> <span class='ocrx_word' id='word_1_119' title='bbox 1387 1157 1410 1181; x_wconf 89' lang='lat' dir='ltr'>a</span> <span class='ocrx_word' id='word_1_120' title='bbox 1440 1148 1555 1196; x_wconf 82' lang='lat' dir='ltr'>patre</span> <span class='ocrx_word' id='word_1_121' title='bbox 1587 1140 1823 1195; x_wconf 80' lang='lat' dir='ltr'>designatus</span> 
     </span>
     <span class='ocr_line' id='line_1_14' title="bbox 232 1208 1824 1268; baseline -0.002 -17"><span class='ocrx_word' id='word_1_122' title='bbox 232 1211 348 1265; x_wconf 87' lang='lat' dir='ltr'>cujus</span> <span class='ocrx_word' id='word_1_123' title='bbox 372 1212 581 1266; x_wconf 74' lang='lat' dir='ltr'>judiciuin</span> <span class='ocrx_word' id='word_1_124' title='bbox 614 1228 795 1254; x_wconf 83' lang='lat' dir='ltr'>assensus</span> <span class='ocrx_word' id='word_1_125' title='bbox 822 1212 968 1268; x_wconf 87' lang='lat' dir='ltr'>populi</span> <span class='ocrx_word' id='word_1_126' title='bbox 992 1212 1110 1253; x_wconf 82' lang='lat' dir='ltr'>facile</span> <span class='ocrx_word' id='word_1_127' title='bbox 1131 1218 1343 1266; x_wconf 86' lang='lat' dir='ltr'>sequatur;</span> <span class='ocrx_word' id='word_1_128' title='bbox 1374 1209 1454 1250; x_wconf 89' lang='grc'>1100</span> <span class='ocrx_word' id='word_1_129' title='bbox 1485 1209 1607 1249; x_wconf 87' lang='lat' dir='ltr'>modo</span> <span class='ocrx_word' id='word_1_130' title='bbox 1639 1208 1669 1249; x_wconf 78' lang='lat' dir='ltr'>J</span> <span class='ocrx_word' id='word_1_131' title='bbox 1674 1223 1824 1248; x_wconf 86' lang='lat' dir='ltr'>oannes</span> 
     </span>
     <span class='ocr_line' id='line_1_15' title="bbox 234 1277 1823 1336; baseline -0.003 -17"><span class='ocrx_word' id='word_1_132' title='bbox 234 1278 371 1320; x_wconf 84' lang='lat' dir='ltr'>Ducas</span> <span class='ocrx_word' id='word_1_133' title='bbox 393 1279 545 1321; x_wconf 87' lang='lat' dir='ltr'>Bataza</span> <span class='ocrx_word' id='word_1_134' title='bbox 566 1280 699 1322; x_wconf 86' lang='lat' dir='ltr'>filium</span> <span class='ocrx_word' id='word_1_135' title='bbox 720 1280 888 1336; x_wconf 89' lang='lat' dir='ltr'>reliquit</span> <span class='ocrx_word' id='word_1_136' title='bbox 910 1280 1175 1322; x_wconf 87' lang='lat' dir='ltr'>Theodorum</span> <span class='ocrx_word' id='word_1_137' title='bbox 1197 1279 1249 1320; x_wconf 87' lang='lat' dir='ltr'>ad</span> <span class='ocrx_word' id='word_1_138' title='bbox 1271 1277 1389 1333; x_wconf 80' lang='lat' dir='ltr'>regni</span> <span class='ocrx_word' id='word_1_139' title='bbox 1410 1293 1522 1332; x_wconf 86' lang='lat' dir='ltr'>spem</span> <span class='ocrx_word' id='word_1_140' title='bbox 1555 1292 1639 1317; x_wconf 91' lang='lat' dir='ltr'>non</span> <span class='ocrx_word' id='word_1_141' title='bbox 1670 1284 1823 1317; x_wconf 86' lang='lat' dir='ltr'>certam</span> 
     </span>
     <span class='ocr_line' id='line_1_16' title="bbox 233 1345 1823 1405; baseline -0.002 -18"><span class='ocrx_word' id='word_1_142' title='bbox 233 1347 312 1388; x_wconf 90' lang='lat' dir='ltr'>nisi</span> <span class='ocrx_word' id='word_1_143' title='bbox 345 1357 436 1404; x_wconf 86' lang='lat' dir='ltr'>post</span> <span class='ocrx_word' id='word_1_144' title='bbox 466 1350 592 1405; x_wconf 82' lang='lat' dir='ltr'>patris</span> <span class='ocrx_word' id='word_1_145' title='bbox 622 1358 816 1400; x_wconf 83' lang='lat' dir='ltr'>mortem3</span> <span class='ocrx_word' id='word_1_146' title='bbox 849 1357 896 1390; x_wconf 91' lang='lat' dir='ltr'>ut</span> <span class='ocrx_word' id='word_1_147' title='bbox 927 1349 1069 1391; x_wconf 77' lang='lat' dir='ltr'>scribit</span> <span class='ocrx_word' id='word_1_148' title='bbox 1099 1348 1356 1402; x_wconf 53' lang='lat' dir='ltr'>[Viceplzorzcs</span> <span class='ocrx_word' id='word_1_149' title='bbox 1395 1346 1564 1401; x_wconf 65' lang='lat' dir='ltr'>Gregyor.</span> <span class='ocrx_word' id='word_1_150' title='bbox 1592 1345 1617 1384; x_wconf 92' lang='lat' dir='ltr'>l.</span> <span class='ocrx_word' id='word_1_151' title='bbox 1649 1348 1688 1395; x_wconf 89' lang='lat'>3,</span> <span class='ocrx_word' id='word_1_152' title='bbox 1719 1360 1753 1385; x_wconf 89' lang='grc'>0.</span> <span class='ocrx_word' id='word_1_153' title='bbox 1780 1348 1823 1384; x_wconf 87' lang='grc'>1;</span> 
     </span>
     <span class='ocr_line' id='line_1_17' title="bbox 237 1413 1826 1474; baseline -0.002 -19"><span class='ocrx_word' id='word_1_154' title='bbox 237 1415 326 1457; x_wconf 88' lang='lat' dir='ltr'>The</span> <span class='ocrx_word' id='word_1_155' title='bbox 361 1426 436 1459; x_wconf 90' lang='lat' dir='ltr'>not</span> <span class='ocrx_word' id='word_1_156' title='bbox 470 1418 691 1474; x_wconf 87' lang='lat' dir='ltr'>observing</span> <span class='ocrx_word' id='word_1_157' title='bbox 721 1418 805 1459; x_wconf 88' lang='lat' dir='ltr'>this</span> <span class='ocrx_word' id='word_1_158' title='bbox 835 1417 1030 1473; x_wconf 81' lang='lat' dir='ltr'>wrought</span> <span class='ocrx_word' id='word_1_159' title='bbox 1061 1432 1136 1457; x_wconf 87' lang='lat' dir='ltr'>our</span> <span class='ocrx_word' id='word_1_160' title='bbox 1167 1416 1277 1456; x_wconf 91' lang='lat' dir='ltr'>Hen.</span> <span class='ocrx_word' id='word_1_161' title='bbox 1300 1417 1324 1456; x_wconf 81' lang='lat'><strong>2</strong></span> <span class='ocrx_word' id='word_1_162' title='bbox 1355 1431 1377 1456; x_wconf 88' lang='lat' dir='ltr'>a</span> <span class='ocrx_word' id='word_1_163' title='bbox 1407 1413 1536 1455; x_wconf 84' lang='lat' dir='ltr'>world</span> <span class='ocrx_word' id='word_1_164' title='bbox 1571 1413 1619 1454; x_wconf 91' lang='lat' dir='ltr'>of</span> <span class='ocrx_word' id='word_1_165' title='bbox 1648 1413 1826 1468; x_wconf 84' lang='lat' dir='ltr'>disquiet</span> 
     </span>
     <span class='ocr_line' id='line_1_18' title="bbox 235 1480 1826 1542; baseline -0.003 -17"><span class='ocrx_word' id='word_1_166' title='bbox 235 1485 316 1526; x_wconf 84' lang='lat' dir='ltr'>and</span> <span class='ocrx_word' id='word_1_167' title='bbox 347 1485 515 1542; x_wconf 83' lang='lat' dir='ltr'>danger.</span> <span class='ocrx_word' id='word_1_168' title='bbox 577 1486 770 1528; x_wconf 73' lang='lat' dir='ltr'>Holinslz.</span> <span class='ocrx_word' id='word_1_169' title='bbox 791 1502 832 1542; x_wconf 90' lang='lat' dir='ltr'>p.</span> <span class='ocrx_word' id='word_1_170' title='bbox 856 1488 922 1529; x_wconf 88' lang='lat'>76.</span> <span class='ocrx_word' id='word_1_171' title='bbox 985 1485 1100 1526; x_wconf 91' lang='lat' dir='ltr'>Hinc</span> <span class='ocrx_word' id='word_1_172' title='bbox 1134 1482 1378 1525; x_wconf 81' lang='lat' dir='ltr'>Elizabetha</span> <span class='ocrx_word' id='word_1_173' title='bbox 1408 1481 1586 1522; x_wconf 82' lang='lat' dir='ltr'>Mariam</span> <span class='ocrx_word' id='word_1_174' title='bbox 1621 1480 1826 1522; x_wconf 81' lang='lat' dir='ltr'>Scoticam</span> 
     </span>
     <span class='ocr_line' id='line_1_19' title="bbox 235 1548 1825 1607; baseline -0.004 -14"><span class='ocrx_word' id='word_1_175' title='bbox 235 1552 437 1594; x_wconf 76' lang='lat' dir='ltr'>haeredem</span> <span class='ocrx_word' id='word_1_176' title='bbox 469 1569 583 1595; x_wconf 83' lang='lat' dir='ltr'>suam</span> <span class='ocrx_word' id='word_1_177' title='bbox 614 1555 820 1596; x_wconf 86' lang='lat' dir='ltr'>declarare</span> <span class='ocrx_word' id='word_1_178' title='bbox 847 1553 995 1595; x_wconf 90' lang='lat' dir='ltr'>noluit.</span> <span class='ocrx_word' id='word_1_179' title='bbox 1063 1553 1207 1596; x_wconf 80' lang='lat' dir='ltr'>Camd.</span> <span class='ocrx_word' id='word_1_180' title='bbox 1229 1567 1270 1607; x_wconf 90' lang='lat' dir='ltr'>p.</span> <span class='ocrx_word' id='word_1_181' title='bbox 1294 1550 1363 1602; x_wconf 87' lang='grc'>65,</span> <span class='ocrx_word' id='word_1_182' title='bbox 1387 1551 1456 1601; x_wconf 87' lang='grc'>67,</span> <span class='ocrx_word' id='word_1_183' title='bbox 1480 1552 1549 1600; x_wconf 85' lang='grc'>68,</span> <span class='ocrx_word' id='word_1_184' title='bbox 1573 1555 1614 1590; x_wconf 83' lang='lat' dir='ltr'>et</span> <span class='ocrx_word' id='word_1_185' title='bbox 1635 1548 1825 1604; x_wconf 89' lang='lat' dir='ltr'>amplius,</span> 
     </span>
     <span class='ocr_line' id='line_1_20' title="bbox 240 1623 333 1661; baseline 0.011 -1"><span class='ocrx_word' id='word_1_186' title='bbox 240 1623 333 1661; x_wconf 89' lang='lat'>106.</span> 
     </span>
    </p>

    <p class='ocr_par' dir='ltr' id='par_1_4' title="bbox 235 1684 1830 2017">
     <span class='ocr_line' id='line_1_21' title="bbox 295 1684 1827 1745; baseline -0.005 -14"><span class='ocrx_word' id='word_1_187' title='bbox 295 1688 385 1731; x_wconf 91' lang='lat' dir='ltr'>The</span> <span class='ocrx_word' id='word_1_188' title='bbox 417 1690 633 1745; x_wconf 84' lang='lat' dir='ltr'>crowning</span> <span class='ocrx_word' id='word_1_189' title='bbox 668 1691 716 1731; x_wconf 84' lang='lat' dir='ltr'>of</span> <span class='ocrx_word' id='word_1_190' title='bbox 743 1690 817 1730; x_wconf 82' lang='lat' dir='ltr'>K&#39;s</span> <span class='ocrx_word' id='word_1_191' title='bbox 852 1689 896 1730; x_wconf 91' lang='lat' dir='ltr'>in</span> <span class='ocrx_word' id='word_1_192' title='bbox 936 1689 1131 1745; x_wconf 77' lang='lat' dir='ltr'>England</span> <span class='ocrx_word' id='word_1_193' title='bbox 1166 1696 1241 1729; x_wconf 88' lang='lat' dir='ltr'>not</span> <span class='ocrx_word' id='word_1_194' title='bbox 1271 1686 1474 1728; x_wconf 78' lang='lat' dir='ltr'>admitted</span> <span class='ocrx_word' id='word_1_195' title='bbox 1507 1685 1572 1726; x_wconf 86' lang='lat' dir='ltr'>till</span> <span class='ocrx_word' id='word_1_196' title='bbox 1601 1684 1709 1726; x_wconf 84' lang='lat' dir='ltr'>thire</span> <span class='ocrx_word' id='word_1_197' title='bbox 1730 1685 1827 1726; x_wconf 83' lang='lat' dir='ltr'>oath</span> 
     </span>
     <span class='ocr_line' id='line_1_22' title="bbox 237 1752 1830 1812; baseline -0.004 -14"><span class='ocrx_word' id='word_1_198' title='bbox 237 1757 424 1799; x_wconf 85' lang='lat' dir='ltr'>receav&#39;d</span> <span class='ocrx_word' id='word_1_199' title='bbox 458 1757 506 1798; x_wconf 91' lang='lat' dir='ltr'>of</span> <span class='ocrx_word' id='word_1_200' title='bbox 523 1757 676 1812; x_wconf 86' lang='lat' dir='ltr'>justice</span> <span class='ocrx_word' id='word_1_201' title='bbox 704 1766 746 1798; x_wconf 93' lang='lat' dir='ltr'>to</span> <span class='ocrx_word' id='word_1_202' title='bbox 768 1758 818 1799; x_wconf 82' lang='lat' dir='ltr'>be</span> <span class='ocrx_word' id='word_1_203' title='bbox 840 1757 1122 1798; x_wconf 79' lang='lat' dir='ltr'>administer’d</span> <span class='ocrx_word' id='word_1_204' title='bbox 1144 1756 1367 1810; x_wconf 75' lang='lat' dir='ltr'>according</span> <span class='ocrx_word' id='word_1_205' title='bbox 1388 1763 1431 1795; x_wconf 89' lang='lat' dir='ltr'>to</span> <span class='ocrx_word' id='word_1_206' title='bbox 1453 1754 1524 1795; x_wconf 85' lang='lat' dir='ltr'>the</span> <span class='ocrx_word' id='word_1_207' title='bbox 1546 1754 1656 1794; x_wconf 83' lang='lat' dir='ltr'>laws.</span> <span class='ocrx_word' id='word_1_208' title='bbox 1720 1752 1830 1793; x_wconf 65' lang='grc' dir='ltr'><strong><em>δίου]</em></strong></span> 
     </span>
     <span class='ocr_line' id='line_1_23' title="bbox 238 1819 1827 1877; baseline -0.004 -11"><span class='ocrx_word' id='word_1_209' title='bbox 238 1828 324 1866; x_wconf 76' lang='lat' dir='ltr'>ancl</span> <span class='ocrx_word' id='word_1_210' title='bbox 343 1826 535 1866; x_wconf 74' lang='lat' dir='ltr'>Holinslz.</span> <span class='ocrx_word' id='word_1_211' title='bbox 595 1824 783 1866; x_wconf 83' lang='lat' dir='ltr'>William</span> <span class='ocrx_word' id='word_1_212' title='bbox 809 1825 1049 1877; x_wconf 83' lang='lat' dir='ltr'>Conqueror</span> <span class='ocrx_word' id='word_1_213' title='bbox 1070 1823 1152 1864; x_wconf 85' lang='lat' dir='ltr'>and</span> <span class='ocrx_word' id='word_1_214' title='bbox 1174 1823 1292 1864; x_wconf 86' lang='lat' dir='ltr'>other</span> <span class='ocrx_word' id='word_1_215' title='bbox 1316 1822 1398 1862; x_wconf 87' lang='lat' dir='ltr'>K’s.</span> <span class='ocrx_word' id='word_1_216' title='bbox 1475 1821 1528 1861; x_wconf 87' lang='grc' dir='ltr'>Κ.</span> <span class='ocrx_word' id='word_1_217' title='bbox 1552 1819 1673 1861; x_wconf 84' lang='lat' dir='ltr'>Rich.</span> <span class='ocrx_word' id='word_1_218' title='bbox 1696 1819 1767 1860; x_wconf 87' lang='lat' dir='ltr'>the</span> <span class='ocrx_word' id='word_1_219' title='bbox 1804 1822 1827 1858; x_wconf 84' lang='lat'>2</span> 
     </span>
     <span class='ocr_line' id='line_1_24' title="bbox 235 1887 1828 1948; baseline -0.004 -15"><span class='ocrx_word' id='word_1_220' title='bbox 235 1893 319 1933; x_wconf 88' lang='lat' dir='ltr'>also</span> <span class='ocrx_word' id='word_1_221' title='bbox 340 1893 519 1934; x_wconf 87' lang='lat' dir='ltr'>renew&#39;d</span> <span class='ocrx_word' id='word_1_222' title='bbox 549 1892 614 1933; x_wconf 87' lang='lat' dir='ltr'>his</span> <span class='ocrx_word' id='word_1_223' title='bbox 634 1893 727 1934; x_wconf 79' lang='lat' dir='ltr'>oath</span> <span class='ocrx_word' id='word_1_224' title='bbox 752 1892 795 1932; x_wconf 91' lang='lat' dir='ltr'>in</span> <span class='ocrx_word' id='word_1_225' title='bbox 817 1893 1063 1948; x_wconf 87' lang='lat' dir='ltr'>parliament</span> <span class='ocrx_word' id='word_1_226' title='bbox 1083 1892 1184 1933; x_wconf 86' lang='lat' dir='ltr'>time</span> <span class='ocrx_word' id='word_1_227' title='bbox 1205 1891 1249 1931; x_wconf 85' lang='lat' dir='ltr'>in</span> <span class='ocrx_word' id='word_1_228' title='bbox 1272 1890 1342 1932; x_wconf 88' lang='lat' dir='ltr'>the</span> <span class='ocrx_word' id='word_1_229' title='bbox 1364 1889 1521 1931; x_wconf 88' lang='lat' dir='ltr'>church</span> <span class='ocrx_word' id='word_1_230' title='bbox 1544 1896 1586 1929; x_wconf 85' lang='lat' dir='ltr'>at</span> <span class='ocrx_word' id='word_1_231' title='bbox 1607 1887 1828 1930; x_wconf 50' lang='lat' dir='ltr'>lVestrnin.</span> 
     </span>
     <span class='ocr_line' id='line_1_25' title="bbox 238 1957 1686 2017; baseline -0.005 -14"><span class='ocrx_word' id='word_1_232' title='bbox 238 1961 361 2012; x_wconf 74' lang='lat' dir='ltr'>Stow,</span> <span class='ocrx_word' id='word_1_233' title='bbox 384 1976 448 2002; x_wconf 88' lang='lat' dir='ltr'>an.</span> <span class='ocrx_word' id='word_1_234' title='bbox 472 1977 557 2017; x_wconf 84' lang='lat' dir='ltr'>reg.</span> <span class='ocrx_word' id='word_1_235' title='bbox 584 1965 650 2002; x_wconf 90' lang='grc'>11.</span> <span class='ocrx_word' id='word_1_236' title='bbox 701 1961 883 2001; x_wconf 86' lang='lat' dir='ltr'>Richard</span> <span class='ocrx_word' id='word_1_237' title='bbox 904 1961 974 2002; x_wconf 88' lang='lat' dir='ltr'>the</span> <span class='ocrx_word' id='word_1_238' title='bbox 1000 1965 1034 2002; x_wconf 91' lang='lat'>1.</span> <span class='ocrx_word' id='word_1_239' title='bbox 1097 1960 1290 2001; x_wconf 76' lang='lat' dir='ltr'>IIolz&#39;nslz.</span> <span class='ocrx_word' id='word_1_240' title='bbox 1313 1974 1354 2014; x_wconf 90' lang='lat' dir='ltr'>p.</span> <span class='ocrx_word' id='word_1_241' title='bbox 1382 1961 1475 2008; x_wconf 87' lang='grc'>118,</span> <span class='ocrx_word' id='word_1_242' title='bbox 1499 1964 1541 1998; x_wconf 88' lang='lat' dir='ltr'>at</span> <span class='ocrx_word' id='word_1_243' title='bbox 1562 1957 1686 2012; x_wconf 83' lang='lat' dir='ltr'>large.</span> 
     </span>
    </p>

    <p class='ocr_par' dir='ltr' id='par_1_5' title="bbox 238 2022 1829 2154">
     <span class='ocr_line' id='line_1_26' title="bbox 298 2022 1829 2083; baseline -0.007 -12"><span class='ocrx_word' id='word_1_244' title='bbox 298 2030 533 2072; x_wconf 89' lang='lat' dir='ltr'>Solennitas</span> <span class='ocrx_word' id='word_1_245' title='bbox 554 2029 780 2070; x_wconf 83' lang='lat' dir='ltr'>coronandi</span> <span class='ocrx_word' id='word_1_246' title='bbox 798 2029 964 2070; x_wconf 77' lang='lat' dir='ltr'>Caesaris</span> <span class='ocrx_word' id='word_1_247' title='bbox 982 2028 1120 2069; x_wconf 84' lang='lat' dir='ltr'>Caroli</span> <span class='ocrx_word' id='word_1_248' title='bbox 1142 2026 1279 2083; x_wconf 87' lang='lat' dir='ltr'>quinti</span> <span class='ocrx_word' id='word_1_249' title='bbox 1301 2026 1344 2066; x_wconf 88' lang='lat' dir='ltr'>in</span> <span class='ocrx_word' id='word_1_250' title='bbox 1369 2025 1503 2075; x_wconf 83' lang='lat' dir='ltr'>Italia,</span> <span class='ocrx_word' id='word_1_251' title='bbox 1521 2024 1633 2079; x_wconf 89' lang='lat' dir='ltr'>apud</span> <span class='ocrx_word' id='word_1_252' title='bbox 1655 2023 1682 2064; x_wconf 72' lang='lat' dir='ltr'><em>J</em></span> <span class='ocrx_word' id='word_1_253' title='bbox 1689 2022 1829 2063; x_wconf 86' lang='lat' dir='ltr'>ovium</span> 
     </span>
     <span class='ocr_line' id='line_1_27' title="bbox 238 2097 572 2154; baseline -0.003 -15"><span class='ocrx_word' id='word_1_254' title='bbox 238 2099 265 2139; x_wconf 95' lang='grc'>1.</span> <span class='ocrx_word' id='word_1_255' title='bbox 289 2100 340 2140; x_wconf 82' lang='grc'>27</span> <span class='ocrx_word' id='word_1_256' title='bbox 368 2097 428 2154; x_wconf 91' lang='lat' dir='ltr'>[p.</span> <span class='ocrx_word' id='word_1_257' title='bbox 455 2097 572 2153; x_wconf 84' lang='lat'>106].</span> 
     </span>
    </p>

    <p class='ocr_par' dir='ltr' id='par_1_6' title="bbox 247 2159 1832 2289">
     <span class='ocr_line' id='line_1_28' title="bbox 296 2159 1832 2221; baseline -0.006 -14"><span class='ocrx_word' id='word_1_258' title='bbox 296 2166 484 2207; x_wconf 89' lang='lat' dir='ltr'>Unction</span> <span class='ocrx_word' id='word_1_259' title='bbox 505 2165 658 2207; x_wconf 87' lang='lat' dir='ltr'>refus’d</span> <span class='ocrx_word' id='word_1_260' title='bbox 680 2165 735 2221; x_wconf 91' lang='lat' dir='ltr'>by</span> <span class='ocrx_word' id='word_1_261' title='bbox 759 2164 966 2206; x_wconf 89' lang='lat' dir='ltr'>Henricus</span> <span class='ocrx_word' id='word_1_262' title='bbox 988 2164 1156 2218; x_wconf 85' lang='lat' dir='ltr'>Auceps</span> <span class='ocrx_word' id='word_1_263' title='bbox 1177 2178 1199 2203; x_wconf 85' lang='lat' dir='ltr'>a</span> <span class='ocrx_word' id='word_1_264' title='bbox 1222 2162 1380 2202; x_wconf 82' lang='lat' dir='ltr'>famous</span> <span class='ocrx_word' id='word_1_265' title='bbox 1404 2161 1583 2202; x_wconf 82' lang='lat' dir='ltr'>German</span> <span class='ocrx_word' id='word_1_266' title='bbox 1618 2159 1832 2215; x_wconf 84' lang='lat' dir='ltr'>Emperor.</span> 
     </span>
     <span class='ocr_line' id='line_1_29' title="bbox 247 2234 728 2289; baseline -0.004 -13"><span class='ocrx_word' id='word_1_267' title='bbox 247 2235 476 2289; x_wconf 75' lang='lat' dir='ltr'>Cuspinian</span> <span class='ocrx_word' id='word_1_268' title='bbox 498 2235 540 2275; x_wconf 92' lang='lat' dir='ltr'>in</span> <span class='ocrx_word' id='word_1_269' title='bbox 561 2235 625 2275; x_wconf 88' lang='lat' dir='ltr'>his</span> <span class='ocrx_word' id='word_1_270' title='bbox 645 2234 728 2275; x_wconf 88' lang='lat' dir='ltr'>life.</span> 
     </span>
    </p>

    <p class='ocr_par' dir='ltr' id='par_1_7' title="bbox 299 2300 1394 2356">
     <span class='ocr_line' id='line_1_30' title="bbox 299 2300 1394 2356; baseline -0.004 -14"><span class='ocrx_word' id='word_1_271' title='bbox 299 2302 526 2356; x_wconf 80' lang='lat' dir='ltr'>Crowning</span> <span class='ocrx_word' id='word_1_272' title='bbox 548 2301 596 2342; x_wconf 84' lang='lat' dir='ltr'>of</span> <span class='ocrx_word' id='word_1_273' title='bbox 611 2300 776 2342; x_wconf 88' lang='lat' dir='ltr'>French</span> <span class='ocrx_word' id='word_1_274' title='bbox 800 2301 883 2342; x_wconf 87' lang='lat' dir='ltr'>K’s.</span> <span class='ocrx_word' id='word_1_275' title='bbox 949 2301 1133 2353; x_wconf 77' lang='lat' dir='ltr'>Sleidcm,</span> <span class='ocrx_word' id='word_1_276' title='bbox 1157 2300 1183 2339; x_wconf 94' lang='lat' dir='ltr'>l.</span> <span class='ocrx_word' id='word_1_277' title='bbox 1211 2302 1276 2349; x_wconf 88' lang='grc'>19,</span> <span class='ocrx_word' id='word_1_278' title='bbox 1299 2302 1394 2339; x_wconf 83' lang='grc'>327.</span> 
     </span>
    </p>

    <p class='ocr_par' dir='ltr' id='par_1_8' title="bbox 247 2364 1831 2494">
     <span class='ocr_line' id='line_1_31' title="bbox 300 2364 1831 2424; baseline -0.004 -14"><span class='ocrx_word' id='word_1_279' title='bbox 300 2369 460 2411; x_wconf 89' lang='lat' dir='ltr'>Electio</span> <span class='ocrx_word' id='word_1_280' title='bbox 494 2369 793 2411; x_wconf 83' lang='lat' dir='ltr'>Germanorum</span> <span class='ocrx_word' id='word_1_281' title='bbox 824 2369 923 2424; x_wconf 83' lang='lat' dir='ltr'>imp.</span> <span class='ocrx_word' id='word_1_282' title='bbox 958 2368 1124 2424; x_wconf 86' lang='lat' dir='ltr'>quando</span> <span class='ocrx_word' id='word_1_283' title='bbox 1165 2375 1293 2422; x_wconf 80' lang='lat' dir='ltr'>caepta</span> <span class='ocrx_word' id='word_1_284' title='bbox 1326 2374 1385 2407; x_wconf 84' lang='lat' dir='ltr'>est</span> <span class='ocrx_word' id='word_1_285' title='bbox 1420 2365 1519 2406; x_wconf 85' lang='lat' dir='ltr'>ficri.</span> <span class='ocrx_word' id='word_1_286' title='bbox 1589 2364 1831 2419; x_wconf 63' lang='lat' dir='ltr'>Cnsplm&#39;ccn,</span> 
     </span>
     <span class='ocr_line' id='line_1_32' title="bbox 247 2437 589 2494; baseline 0 -15"><span class='ocrx_word' id='word_1_287' title='bbox 247 2437 345 2479; x_wconf 87' lang='lat' dir='ltr'>Otto</span> <span class='ocrx_word' id='word_1_288' title='bbox 368 2441 407 2488; x_wconf 88' lang='lat'>3,</span> <span class='ocrx_word' id='word_1_289' title='bbox 431 2454 470 2494; x_wconf 91' lang='lat' dir='ltr'>p.</span> <span class='ocrx_word' id='word_1_290' title='bbox 493 2441 589 2479; x_wconf 85' lang='lat'>254.</span> 
     </span>
    </p>
   </div>
   <div class='ocr_carea' id='block_1_3' title="bbox 301 2500 1834 2559">
    <p class='ocr_par' dir='ltr' id='par_1_9' title="bbox 301 2500 1834 2559">
     <span class='ocr_line' id='line_1_33' title="bbox 301 2500 1834 2559; baseline -0.005 -13"><span class='ocrx_word' id='word_1_291' title='bbox 301 2506 569 2547; x_wconf 86' lang='lat' dir='ltr'>Conditiones</span> <span class='ocrx_word' id='word_1_292' title='bbox 592 2506 738 2548; x_wconf 73' lang='lat' dir='ltr'>Caesari</span> <span class='ocrx_word' id='word_1_293' title='bbox 768 2505 907 2545; x_wconf 85' lang='lat' dir='ltr'>futuro</span> <span class='ocrx_word' id='word_1_294' title='bbox 939 2503 1186 2559; x_wconf 71' lang='lat' dir='ltr'>accipiendae</span> <span class='ocrx_word' id='word_1_295' title='bbox 1217 2502 1328 2558; x_wconf 84' lang='lat' dir='ltr'>apud</span> <span class='ocrx_word' id='word_1_296' title='bbox 1362 2502 1529 2543; x_wconf 73' lang='lat' dir='ltr'>Slet&#39;clccn</span> <span class='ocrx_word' id='word_1_297' title='bbox 1564 2507 1720 2549; x_wconf 81' lang='lat' dir='ltr'>extant,</span> <span class='ocrx_word' id='word_1_298' title='bbox 1744 2500 1770 2539; x_wconf 94' lang='grc'>1.</span> <span class='ocrx_word' id='word_1_299' title='bbox 1798 2503 1834 2549; x_wconf 85' lang='grc'>1,</span> 
     </span>
    </p>
   </div>
   <div class='ocr_carea' id='block_1_4' title="bbox 243 2576 472 2632">
    <p class='ocr_par' dir='ltr' id='par_1_10' title="bbox 243 2576 472 2632">
     <span class='ocr_line' id='line_1_34' title="bbox 243 2576 472 2632; baseline 0 -15"><span class='ocrx_word' id='word_1_300' title='bbox 243 2592 285 2632; x_wconf 87' lang='lat' dir='ltr'>p.</span> <span class='ocrx_word' id='word_1_301' title='bbox 311 2579 375 2625; x_wconf 88' lang='lat'>15,</span> <span class='ocrx_word' id='word_1_302' title='bbox 399 2576 472 2617; x_wconf 69' lang='grc'>810.</span> 
     </span>
    </p>
   </div>
   <div class='ocr_carea' id='block_1_5' title="bbox 302 2635 1833 2752">
    <p class='ocr_par' dir='ltr' id='par_1_11' title="bbox 302 2635 1833 2752">
     <span class='ocr_line' id='line_1_35' title="bbox 302 2635 1833 2697; baseline -0.006 -13"><span class='ocrx_word' id='word_1_303' title='bbox 302 2643 572 2685; x_wconf 89' lang='lat' dir='ltr'>Conditiones</span> <span class='ocrx_word' id='word_1_304' title='bbox 605 2643 733 2684; x_wconf 88' lang='lat' dir='ltr'>iidem</span> <span class='ocrx_word' id='word_1_305' title='bbox 773 2640 1012 2697; x_wconf 83' lang='lat' dir='ltr'>imperatori</span> <span class='ocrx_word' id='word_1_306' title='bbox 1051 2640 1192 2682; x_wconf 86' lang='lat' dir='ltr'>Graeco</span> <span class='ocrx_word' id='word_1_307' title='bbox 1232 2639 1372 2680; x_wconf 82' lang='lat' dir='ltr'>futuro</span> <span class='ocrx_word' id='word_1_308' title='bbox 1414 2638 1458 2677; x_wconf 91' lang='lat' dir='ltr'>in</span> <span class='ocrx_word' id='word_1_309' title='bbox 1499 2652 1539 2678; x_wconf 87' lang='lat' dir='ltr'>se</span> <span class='ocrx_word' id='word_1_310' title='bbox 1575 2635 1833 2692; x_wconf 73' lang='lat' dir='ltr'>recipiendae.</span> 
     </span>
     <span class='ocr_line' id='line_1_36' title="bbox 303 2721 1056 2752; baseline -0.004 -1"><span class='ocrx_word' id='word_1_311' title='bbox 303 2723 452 2751; x_wconf 82' lang='lat' dir='ltr'>CAMD.</span> <span class='ocrx_word' id='word_1_312' title='bbox 476 2722 573 2752; x_wconf 85' lang='lat' dir='ltr'>SOC.</span> <span class='ocrx_word' id='word_1_313' title='bbox 1028 2721 1056 2748; x_wconf 76' lang='grc' dir='ltr'>Ε</span> 
     </span>
    </p>
   </div>
  </div>
 </body>
</html>
