2437 3149
799 296 864 324 «OF
889 296 1016 325 ιῐῡΗΝ
1039 294 1236 324 MILTON.
1715 275 1718 277 ⁵
1757 286 1805 322 51

218 398 328 439 idem
362 398 486 440 etiam
520 398 653 453 capite
689 398 875 454 sequenti
906 405 1035 439 totam
1066 404 1194 438 artem
1224 396 1422 437 musicam
1444 395 1610 436 videtur
1631 394 1811 436 emedio

220 465 421 507 sublatam
443 465 562 507 velle.

758 581 826 621 De
846 580 1065 636 disciplind
1086 580 1272 621 militari.

281 669 361 711 Res
391 668 567 711 nautica.
634 669 806 725 Edgar's
838 669 960 711 noble
993 676 1178 710 custome
1210 676 1253 710 to
1284 668 1435 709 defend
1468 667 1536 708 the
1567 674 1678 709 coast
1708 665 1811 708 with

222 736 286 777 his
309 738 452 793 yearly
473 737 605 778 navie.
687 737 878 791 [xxxiii.]
948 736 1001 777 Κ.
1027 736 1104 776 Ed.
1126 736 1197 777 the
1220 740 1257 776 3.
1280 735 1618 777 commandment
1650 735 1712 775 for
1742 733 1813 774 the

224 806 406 847 exercise
427 806 475 846 of
489 820 595 846 arms
615 805 659 845 in
682 820 806 859 every
828 804 948 845 shire.
1014 804 1135 853 Βίου),
1161 804 1238 844 Ed.
1265 807 1304 852 3,
1328 819 1392 843 an.
1414 818 1500 858 reg.
1527 806 1591 844 17.

285 875 331 926 Q.
357 873 607 914 Elizabeth’s
628 872 833 914 excellent
854 887 945 913 care
967 879 1008 912 to
1031 871 1188 912 furnish
1211 870 1286 911 her
1306 869 1403 911 fleet
1426 870 1527 910 with
1550 869 1813 925 implements

224 951 297 985 out
321 942 413 999 [of]
437 943 511 983 her
533 958 627 984 own
648 948 839 996 country,
870 942 1010 984 Camd.
1038 943 1105 983 70.

286 1011 328 1053 Si
349 1011 612 1067 magistratus
633 1010 730 1051 duci
751 1009 954 1051 exercitus
975 1009 1250 1064 eruptionem,
1273 1015 1345 1050 aut
1370 1023 1553 1064 pugnam
1579 1013 1690 1047 certo
1719 1021 1813 1046 cum

225 1079 408 1134 periculo
449 1079 635 1120 omnium
676 1078 912 1134 imperabit,
951 1077 1118 1119 videtur
1158 1093 1211 1118 ex
1252 1077 1387 1118 officio
1427 1075 1692 1132 imperatorio
1733 1089 1816 1115 esse

225 1148 471 1189 sententiam
493 1163 608 1188 suam
637 1147 857 1202 explicare,
881 1146 942 1187 sin
974 1146 1236 1202 magistratus
1267 1145 1365 1186 belli
1397 1160 1542 1200 expers
1573 1142 1817 1184 obstinatius

225 1216 409 1267 instabit,
446 1231 531 1256 non
566 1225 705 1257 tamen
744 1216 969 1270 imperator
1007 1213 1282 1255 honorificum
1326 1222 1387 1254 est
1427 1228 1546 1254 suum
1587 1211 1815 1253 exercitum

225 1285 350 1325 unius
363 1285 429 1325 vel
442 1285 565 1325 etiam
580 1283 723 1339 populi
737 1283 789 1325 ob
802 1283 1007 1324 inscitiam
1025 1290 1066 1324 et
1082 1282 1351 1338 pertinaciam
1367 1282 1556 1337 perdere3
1579 1279 1816 1335 exemplum

227 1351 322 1393 vide
343 1351 388 1392 in
410 1351 624 1392 Malatesta
646 1350 718 1406 qui
740 1350 931 1392 dictatori
954 1350 1197 1391 Florentino
1218 1349 1446 1405 perniciosa
1467 1348 1655 1390 suadenti
1677 1362 1818 1403 parcre

226 1420 374 1461 noluit.
437 1420 597 1470 Jovizcs,
619 1419 645 1459 l.
671 1423 739 1470 29,
762 1434 801 1474 p.
828 1420 922 1467 170,
946 1419 1019 1460 &a

286 1487 447 1529 <Justice
460 1487 542 1528 and
556 1487 790 1543 abstaining
804 1486 909 1527 from
923 1486 1050 1542 spoile
1066 1486 1110 1526 in
1127 1486 1197 1527 the
1214 1485 1341 1527 armie
1356 1485 1403 1526 of
1413 1484 1522 1525 Hen.
1538 1487 1577 1525 5.
1623 1483 1817 1524 Ηοίἰηεῖι,

228 1572 268 1612 p.
292 1560 387 1597 552.
450 1555 551 1596 And
571 1555 642 1597 the
662 1555 817 1598 benefit
837 1555 985 1597 theros.
1044 1555 1144 1596 ibid.
1167 1563 1208 1596 et
1230 1558 1326 1596 560.

291 1624 447 1681 Selymi
487 1624 639 1665 milites
678 1624 803 1665 etiam
849 1631 941 1680 post
982 1623 1199 1664 victoriam
1246 1622 1348 1664 adeo
1393 1621 1544 1663 severis
1593 1619 1820 1674 disciplinae

228 1693 390 1749 legibus
411 1693 453 1733 in
476 1692 611 1734 officio
632 1707 892 1748 permansere
920 1699 967 1733 ut
994 1691 1037 1732 in
1071 1690 1320 1732 fertilissimo
1355 1697 1556 1730 autumno
1588 1687 1699 1728 horti
1733 1686 1820 1727 sine

231 1761 471 1802 custodibus
492 1767 583 1802 tuto
604 1760 947 1816 relinquerentur.
1008 1760 1165 1811 Jovias,
1188 1758 1214 1799 l.
1244 1761 1306 1807 17,
1330 1761 1427 1799 359.

289 1829 473 1870 Militum
495 1828 661 1869 libidini
692 1828 974 1883 obtemperare
1006 1827 1130 1868 duces
1169 1841 1253 1867 non
1286 1825 1449 1876 debere,
1484 1824 1556 1880 qui
1590 1824 1641 1864 ad
1675 1837 1821 1863 verum

231 1896 389 1938 militiae
411 1896 533 1938 decus
563 1896 786 1951 adspirent,
809 1903 850 1937 et
871 1912 893 1936 a
908 1895 1023 1950 justa
1052 1894 1240 1950 generosi
1271 1893 1399 1934 animi
1430 1892 1635 1948 probitate
1674 1891 1822 1931 samam

232 1972 433 2021 quoerant,
454 1963 872 2018 latrocinantiumque
894 1962 1075 2003 militum
1106 1961 1407 2002 immanitatem
1439 1959 1750 2007 abominentur;
1783 1965 1824 1998 ct

236 2033 414 2088 reliqua3
448 2032 556 2088 apud
580 2032 758 2082 Jovium,
781 2031 807 2071 l.
836 2034 900 2081 12,
923 2045 1012 2085 quae
1036 2029 1209 2084 Prosper
1241 2028 1446 2069 Columna
1477 2027 1527 2067 ad
1569 2026 1824 2080 Bergomum

232 2101 275 2151 in
300 2100 451 2142 Castris
472 2099 638 2155 egregie
660 2098 942 2139 concionatur.

292 2168 382 2209 The
421 2167 626 2223 vantgard
667 2166 747 2207 due
787 2173 830 2206 to
870 2165 940 2206 the
984 2164 1159 2206 Kentish
1203 2179 1298 2204 men
1340 2163 1395 2217 by
1431 2162 1596 2203 ancient
1630 2168 1824 2202 custome.

238 2237 374 2293 Speed
391 2237 436 2277 in
459 2235 633 2286 Harold‚
654 2251 694 2291 p.
715 2237 813 2276 416.

292 2304 485 2345 Avaritia
506 2303 768 2359 quantumin
788 2302 898 2344 bello
920 2308 1076 2342 noceat.
1137 2300 1234 2342 vide
1257 2299 1461 2341 Avaritia.

296 2372 499 2424 Quoniam
524 2370 722 2426 populum
745 2369 986 2411 universum
1014 2369 1057 2409 in
1088 2368 1211 2409 armis
1246 2367 1430 2409 exerceri
1464 2367 1514 2407 ad
1549 2365 1768 2407 seditiones
1789 2371 1830 2404 et

1849 567 1933 606 242

236 2441 422 2482 tumulus
442 2439 720 2496 periculosum
743 2445 817 2490 est,
840 2437 994 2478 ideirco
1016 2437 1194 2478 delectos
1224 2435 1422 2491 quosdam
1455 2434 1535 2476 fide
1570 2442 1611 2475 et
1647 2433 1831 2474 moribus
1849 2439 1978 2480 excipi-

236 2523 309 2564 per
342 2508 523 2564 singulas
562 2506 795 2563 provincias
832 2520 983 2562 paucos
1023 2504 1253 2560 privilegiis
1293 2503 1540 2560 quibusdam
1586 2501 1834 2542 militaribus

241 2643 383 2698 repub.
409 2643 564 2693 Galliae,
587 2643 612 2682 l.
637 2646 673 2683 2.

1850 2487 1954 2515 untur
1970 2492 2046 2523 pro-

1853 2525 1973 2557 vincia:
1991 2525 2033 2555 ad

241 2584 405 2616 ornatos
425 2575 477 2616 ad
498 2591 610 2616 arma
632 2575 847 2616 tractanda
867 2574 1088 2615 instructos
1109 2588 1192 2614 csse
1219 2580 1405 2628 oportere
1438 2579 1580 2612 monet
1617 2571 1762 2612 Sesell.
1784 2570 1835 2611 de
1854 2567 2040 2642 ξὶῐξὶὲξὶὸῑῒῑῡῑ
