2437 3149
713 426 994 470 ⁴13<sz

753 704 958 765 JOHN
1014 706 1381 768 MILTON’S

534 889 1246 953 COMMONPLAOE
1318 891 1603 953 BOOK.

869 1231 1025 1272 INDEX
1051 1231 1276 1273 E'rmcus.

890 1363 1055 1404 Malum
1075 1363 1239 1404 morale.

331 1463 381 1504 In
403 1464 512 1505 malo
544 1464 690 1505 morali
720 1473 855 1520 potest
884 1465 1063 1506 multum
1100 1480 1184 1506 esse
1217 1465 1437 1506 admistum
1472 1465 1585 1516 boni,
1620 1465 1744 1521 idque
1777 1473 1863 1506 arte

269 1531 489 1586 singulari;
521 1547 644 1573 nemo
675 1548 882 1573 venenum
918 1541 1119 1588 temperat
1151 1533 1243 1573 felle
1275 1542 1316 1574 et
1346 1533 1557 1574 helleboro
1589 1534 1657 1574 sed
1686 1533 1863 1574 conditis

267 1600 492 1655 pulmentis
514 1608 555 1640 et
575 1601 680 1641 bene
702 1602 917 1656 saporatis:
950 1602 1008 1642 ita
1030 1601 1217 1642 diabolus
1246 1602 1368 1643 letale
1399 1602 1508 1658 quod
1541 1602 1708 1643 conficit
1741 1603 1863 1643 rebus

268 1668 334 1708 dei
365 1668 608 1723 gratissimis
640 1669 804 1720 imbuit,
838 1678 913 1710 etc.
981 1670 1162 1725 Tem—ull:
1199 1670 1249 1711 de
1282 1671 1536 1726 spectaculis,
1569 1687 1607 1726 p.
1643 1674 1738 1722 102,
1762 1671 1859 1712 edit.

269 1735 423 1791 Rigalt.

326 1805 411 1846 Cur
431 1806 635 1861 permittit
656 1806 756 1848 deus
779 1805 961 1848 malum?
994 1815 1038 1847 ut
1059 1807 1163 1848 ratio
1186 1807 1332 1848 virtuti
1353 1816 1539 1849 constare
1570 1809 1708 1864 possit.
1730 1809 1863 1850 virtus

267 1872 378 1913 enim
401 1874 510 1913 malo
540 1875 742 1930 arguitur,
775 1875 1017 1925 illustratur,
1053 1885 1280 1924 exercetur,
1318 1876 1666 1931 quemadmodum
1702 1877 1862 1918 disserit

266 1940 524 1990 Lactantius,
547 1942 572 1981 l.
598 1946 639 1993 5,
662 1958 696 1983 c.
720 1944 758 1993 7,
783 1950 828 1983 ut
848 1943 1018 1984 haberet
1038 1943 1142 1984 ratio
1164 1952 1205 1984 et
1232 1944 1451 1999 prudentia
1482 1944 1525 1985 in
1555 1960 1636 1999 quo
1671 1960 1712 1985 se
1745 1960 1859 1985 excr-

264 2017 386 2060 ceret,
422 2010 618 2065 eligendo
652 2011 772 2060 bona,
808 2011 1009 2067 fugiendo
1046 2012 1165 2052 mala.
1228 2013 1402 2053 Lccctcm.
1425 2012 1475 2053 dc
1506 2013 1565 2053 ira
1600 2013 1681 2063 dei,
1716 2029 1749 2054 c.
1793 2017 1857 2064 13,

266 2078 455 2133 quamvis
476 2087 517 2119 et
537 2078 623 2120 haec
644 2095 726 2120 non
750 2080 1016 2121 satisfaciunt.
1284 2067 1334 2072 ν

910 2205 978 2245 De
1001 2206 1086 2246 viro
1107 2206 1218 2246 bono.

324 2303 409 2344 Cur
428 2303 508 2343 viri
531 2304 629 2344 boni
650 2312 691 2345 et
719 2305 902 2359 alioquin
934 2305 1091 2360 egregii
1122 2304 1264 2345 inertis
1298 2312 1344 2345 ut
1379 2305 1603 2360 plurimum
1640 2314 1681 2347 et
1718 2306 1857 2362 pusilli

265 2371 394 2412 animi
416 2371 593 2426 speciem
613 2388 695 2427 prae
726 2387 767 2412 se
795 2372 946 2422 ferunt,
985 2373 1203 2427 primoque
1239 2372 1394 2413 intuitu
1430 2373 1585 2413 nullius
1621 2389 1704 2414 esse
1738 2373 1859 2428 pretii

265 2439 477 2489 videntur,
501 2440 720 2495 respondet
743 2440 984 2492 LQetam‘iu-s‘
1006 2449 1052 2481 ut
1073 2440 1272 2481 haberent
1294 2441 1404 2480 unde
1426 2457 1626 2481 summam
1660 2442 1858 2482 virtutem

261 2507 507 2563 patientiam
530 2517 695 2563 possent
717 2508 901 2564 quotidie
924 2523 1129 2557 exercerc,
1154 2509 1179 2548 l.
1204 2511 1243 2557 6,
1266 2524 1299 2548 c.
1328 2512 1392 2549 18.

323 2575 403 2615 Vir
424 2576 556 2617 bonus
577 2576 714 2632 aliqua
735 2576 893 2617 ratione
915 2576 1038 2617 etiam
1061 2576 1228 2631 angelos
1249 2575 1449 2616 excellere
1478 2575 1656 2626 videtur,
1680 2577 1728 2618 eo
1750 2576 1861 2632 quod

263 2644 334 2684 ille
356 2643 521 2684 infirmo
543 2652 584 2685 et
606 2645 768 2685 mortali
794 2660 962 2700 corpore
993 2644 1221 2694 involutus,
1259 2643 1558 2699 cupiditatibus
1588 2659 1748 2700 semper
1781 2645 1862 2685 col-

327 2723 466 2752 CAMD.
491 2720 590 2753 SOCI
1015 2742 1021 2747 .
1050 2724 1077 2749 n
