2437 3149
351 725 416 763 (κο.
436 725 469 762 2>

396 975 473 1015 189

514 337 567 375 36
1032 347 1063 374 A
1085 344 1447 376 COMMONPLACE
1471 344 1603 374 BOOK

514 449 715 490 lubricam
751 448 874 489 fidem
909 448 1063 504 populo
1095 448 1232 489 datam
1266 462 1454 504 expresse
1484 447 1695 488 declarant
1725 446 1804 487 illae
1825 445 1952 486 literae
1972 442 2104 484 moni-

513 518 628 559 toriae
649 518 700 559 ad
724 517 936 560 Colinium
958 517 1087 557 missae
1115 516 1238 572 paulo
1266 525 1361 557 ante
1395 515 1621 556 Lanienam
1656 514 1924 555 Parisiensem
1955 511 2106 568 quibus

513 586 546 626 si
578 586 778 641 paruisset
807 601 891 626 non
923 586 981 626 ita
1012 585 1235 626 miserabili
1269 584 1474 626 occisione
1509 598 1605 625 cum
1637 582 1720 624 suis
1751 581 1951 638 periisset.
2008 579 2106 622 vide

520 653 676 694 ΤΙιιιαη.
701 653 798 694 hist.
819 653 846 693 l.
871 656 939 694 52.
1000 652 1139 694 statim
1161 653 1211 693 ab
1232 651 1368 702 initio,
1392 667 1433 707 p.
1455 654 1553 702 805,
1578 653 1674 692 806.

568 721 670 763 Haec
701 730 757 763 est
779 723 1005 777 prudentia
1031 722 1157 763 seculi
1185 722 1315 774 istius,
1339 736 1462 776 quam
1485 720 1704 775 politicam
1735 718 1977 774 appellant:
2009 717 2108 758 utile

509 793 618 846 quod
625 799 794 846 putant,
810 808 891 833 ozon
908 793 1096 833 dubitant
1109 792 1269 832 honesto
1283 792 1506 847 prceferre;
1528 792 1636 845 quod
1648 790 1744 830 utile
1756 790 1964 845 judicant,
1981 803 2109 830 neces-

509 861 667 901 sarium
684 876 764 902 esse
780 868 975 914 statuant,
994 862 1100 914 qnod
1120 860 1402 909 necessarium,
1422 858 1538 900 licere
1555 875 1564 900 z
1586 859 1717 899 Rivet.
1742 858 1786 898 in
1806 858 1942 898 Exod.
1960 872 2050 912 cap.
2070 859 2105 896 1.

730 976 799 1017 De
821 975 972 1032 leyz‘lszcs
993 990 1135 1016 earum
1156 974 1525 1030 dispensationibus
1547 980 1585 1014 et
1605 971 1880 1028 indulyentiis.

514 1066 853 1122 Dispensationes
873 1067 918 1106 in
938 1065 1101 1122 legibus
1131 1064 1324 1105 humanis
1355 1063 1635 1104 admittuntur
1665 1069 1833 1118 propter
1862 1060 2108 1117 legislatoris

510 1135 865 1190 imperfectionem
898 1135 969 1189 qui
1006 1150 1090 1175 non
1125 1133 1221 1174 satis
1253 1132 1439 1189 providit
1469 1131 1629 1172 onmia:
1662 1130 1836 1187 proinde
1866 1130 1911 1170 in
1945 1130 2108 1185 legibus

511 1204 578 1244 dei
610 1219 695 1244 non
729 1203 884 1244 habent
915 1203 1055 1244 locum
1089 1202 1155 1243 cui
1189 1201 1296 1242 nihil
1329 1201 1560 1250 occultum;
1607 1200 1748 1256 itaque
1784 1198 2108 1255 dispensationes

510 1287 593 1312 non
615 1279 787 1327 possunt
808 1287 892 1312 esse
912 1270 1186 1326 indulgentiae
1208 1269 1259 1311 ad
1281 1277 1497 1325 peccatum
1520 1268 1590 1310 sed
1614 1267 1912 1309 honestissimis
1933 1282 1954 1308 e
1976 1266 2108 1308 causis

509 1347 613 1380 natae
648 1339 746 1394 ipsae
782 1338 955 1394 proinde
987 1338 1188 1388 honestae3
1220 1337 1405 1393 alioquin
1437 1336 1621 1391 indignae
1655 1351 1819 1392 prorsus
1850 1351 1939 1392 quae
1974 1350 1997 1376 a
2030 1335 2107 1376 deo

509 1406 856 1447 concederentur:
888 1406 984 1447 vide
1006 1405 1148 1448 Concil
1176 1406 1358 1458 Trident,
1382 1420 1470 1460 quae
1493 1404 1543 1445 ab
1566 1403 1732 1445 Joaiine
1755 1403 1957 1445 Verduno
1979 1402 2108 1444 solide

510 1483 606 1516 sunt
628 1475 852 1530 disputata,
875 1490 914 1530 p.
941 1476 1040 1524 658,
1074 1473 1100 1514 l.
1138 1475 1178 1524 7,
1209 1473 1306 1516 edit.
1347 1472 1500 1513 Lond.:
1533 1471 1727 1527 adjungit
1758 1470 2106 1527 dispensationem

509 1559 595 1584 non
617 1558 701 1584 esse
724 1542 838 1583 aliud
860 1557 984 1598 quam
1006 1541 1110 1597 legis
1130 1541 1529 1597 interpretationem.
1601 1540 1789 1595 [xxviii]

568 1612 723 1655 Contra
750 1611 896 1668 Leges.
1074 1609 1095 1650 I
1116 1625 1159 1651 re
1182 1609 1225 1650 di
1250 1609 1417 1665 Spa-gna
1438 1616 1720 1650 severamente
1739 1608 1879 1649 hanno
1900 1607 2109 1663 prohibito

510 1681 586 1722 che
608 1696 630 1721 a
651 1680 690 1721 le
712 1679 833 1720 Indie
854 1694 938 1719 non
966 1678 1131 1734 possino
1153 1692 1290 1734 passar
1318 1677 1481 1719 avocati
1509 1693 1530 1719 e
1558 1676 1828 1732 procuratori.
1895 1676 2112 1718 Bocealini

511 1748 697 1805 raggual.
732 1747 775 1788 di
815 1747 978 1787 Parnas.
1011 1746 1197 1802 raggual.
1233 1748 1307 1788 79:
1339 1746 1381 1787 lo
1412 1746 1549 1787 studio
1581 1745 1689 1786 delle
1724 1745 1838 1801 leggi
1873 1760 1947 1801 per
1977 1745 2108 1786 editto

511 1817 613 1858 assai
635 1824 734 1857 noto
757 1830 841 1856 non
863 1814 1033 1856 essendo
1055 1821 1200 1855 tenuto
1222 1829 1295 1869 per
1315 1822 1402 1855 arte
1423 1814 1607 1864 liberale,
1630 1828 1698 1854 ma
1717 1813 1920 1863 mestiere‚
1943 1813 1994 1854 ed
2022 1821 2108 1855 arte

513 1892 751 1927 veramente
783 1882 1037 1933 mechanica,
1061 1882 1129 1923 nel
1161 1882 1316 1923 mondo
1346 1881 1576 1923 introdotta
1603 1896 1676 1937 per
1704 1880 1887 1937 affligere
1908 1880 1938 1921 il
1959 1896 2111 1937 genere

510 1953 708 2003 humano,
731 1959 829 2001 etc.;
860 1950 986 1991 ibid.:
1020 1949 1117 1990 vide
1138 1958 1179 1991 et
1201 1950 1405 2006 Raggual.
1432 1952 1498 1992 72.

572 2021 683 2063 Vide
723 2030 765 2061 et
804 2019 934 2060 vitam
974 2018 1182 2060 Petrachae
1215 2035 1237 2059 a
1280 2019 1318 2059 T
1316 2019 1524 2060 lzomasino
1561 2018 1758 2060 Paduano
1794 2017 2002 2074 scriptam,
2039 2017 2112 2059 ubi

516 2089 716 2132 Petracha
732 2088 901 2144 juvenis
920 2088 1061 2144 legum
1085 2088 1269 2129 studium
1291 2095 1503 2129 averratur

573 2158 637 2199 Ne
659 2157 1011 2199 occorrerebbono
1034 2156 1139 2197 tanti
1161 2156 1392 2211 interpreti,
1415 2171 1467 2197 ne
1488 2155 1594 2196 tanti
1617 2154 1771 2210 legulei
1792 2154 1868 2195 che
1896 2154 2112 2195 andassero

515 2242 593 2268 con
614 2224 995 2274 istiiacchiamenti,
1019 2239 1064 2264 or
1085 2224 1167 2280 quii
1188 2239 1233 2265 or
1254 2224 1307 2274 152,
1331 2223 1528 2265 torcendo
1560 2223 1599 2263 la
1631 2222 1755 2278 spada
1789 2222 1897 2263 della
1921 2222 2112 2277 giustizia

515 2294 583 2350 gia
605 2294 803 2335 divenuta
824 2292 868 2333 di
898 2292 1068 2348 piombo
1102 2290 1398 2332 schichcrando
1434 2298 1543 2331 tutto
1576 2290 1607 2330 il
1638 2290 1786 2346 giorno
1820 2289 1858 2331 le
1894 2298 2004 2331 carte
2037 2305 2114 2331 con

514 2362 674 2404 trattati
695 2377 717 2403 e
739 2360 913 2416 consigli
935 2376 956 2401 e
978 2360 1144 2410 letture‚
1167 2374 1188 2400 e
1212 2359 1408 2410 malanni‚
1440 2359 1516 2400 che
1546 2358 1687 2399 hanno
1721 2366 1932 2415 appestata
1964 2358 2115 2400 l'Italia

514 2432 556 2471 in
579 2431 696 2486 guisa
718 2429 794 2471 che
816 2429 1033 2484 voglionvi
1055 2428 1069 2469 i
1093 2428 1321 2484 magazzini
1344 2428 1387 2468 di
1409 2427 1518 2478 libri,
1543 2443 1564 2469 c
1586 2443 1670 2469 non
1691 2427 1735 2468 vi
1766 2435 1872 2469 resta
1904 2427 1979 2483 piu
2012 2443 2113 2482 capo

513 2514 535 2540 e
556 2500 624 2540 via
646 2499 689 2540 di
711 2514 802 2540 cosa
823 2498 984 2548 alcuna,
1007 2496 1276 2538 truovandosi
1298 2496 1341 2537 in
1358 2496 1454 2552 qual
1472 2497 1505 2538 si
1523 2497 1663 2552 voglia
1677 2511 1768 2538 caso
1786 2496 1900 2537 mille
1918 2495 2113 2546 domine,

514 2567 627 2608 mille
649 2567 795 2623 pareri,
818 2566 931 2606 mille
954 2565 1165 2616 decisioni,
1188 2565 1287 2625 luna
1309 2565 1512 2606 contraria
1534 2564 1601 2605 ull’
1624 2565 1728 2605 altra
1756 2563 1857 2605 fatte
1887 2578 1960 2619 per
1986 2563 2114 2604 inter-

514 2651 596 2676 cssc
619 2634 848 2676 d'amicizie
871 2650 894 2674 o
917 2633 958 2674 di
981 2634 1094 2684 roba,
1118 2648 1141 2674 0
1164 2633 1374 2682 d’lionorc,
1398 2648 1420 2674 c
1441 2633 1562 2674 tirate
1584 2647 1656 2688 per
1673 2632 1784 2673 forza
1801 2632 1843 2672 di
1860 2631 2116 2689 sottigliezzc

515 2703 756 2760 (l'ingcgno,
781 2719 802 2744 c
824 2702 1028 2744 d’astutie.
1094 2701 1275 2743 l'cnsieri
1297 2701 1339 2742 ‹li
1371 2702 1558 2750 Tassone,
1583 2701 1608 2742 l.
1634 2702 1673 2751 7,
1699 2708 1830 2756 quest.
1853 2704 1889 2741 8.
