2437 3149
1337 177 1429 211 ¹12
1504 182 1505 186 ,

1349 253 1362 267 ’Ν
1433 261 1435 270 A

875 300 936 329 or
960 299 1082 327 <1011N
1110 295 1303 326 MILTON.
1363 268 1483 323 &4¹
1541 284 1544 285 ⁷
1824 282 1877 319 53

349 402 538 444 Victoria
560 418 643 443 non
666 402 708 442 in
731 402 890 443 viribus
920 411 993 442 aut
1013 399 1161 455 peritia
1192 396 1362 438 militari
1392 395 1469 436 sita
1504 402 1578 443 est,
1613 392 1684 433 sed
1717 399 1776 440 ut,
1811 392 1883 446 qui

291 471 445 512 bellum
468 471 652 526 suscipit,
675 470 797 511 deum
821 468 1047 525 propitium
1069 467 1232 507 habeat.
1292 463 1482 519 praeolare
1512 462 1650 516 itaque
1683 458 1884 511 Trajanus

293 539 380 580 dux
401 539 452 580 ad
476 539 695 580 Valentem
728 539 1016 594 imperatorem
1048 536 1121 591 qui
1157 550 1252 576 eum
1286 532 1408 574 dietis
1440 531 1657 572 incesserat
1690 543 1738 569 eo
1774 526 1885 583 quod

291 615 433 648 eontra
477 606 634 648 Gothos
674 605 819 646 missus
859 620 953 646 oum
994 602 1180 644 exercitu
1221 600 1327 641 male
1367 605 1600 655 pugnasset.
1673 595 1748 636 οὐκ
1789 593 1883 647 ἐτγὼ,

291 674 442 729 inquit,
465 672 497 714 ὦ
518 674 706 723 βασιλεῦ
726 672 895 724 ἥτημαι.
959 679 1004 712 tu
1031 677 1169 711 autem
1200 667 1418 709 victoriam
1450 662 1668 721 prodidisti
1703 661 1774 718 qui
1809 661 1885 701 deo

293 742 445 783 bellum
470 740 616 781 infers:
652 755 748 780 nam
786 739 990 781 Arrianus
1025 745 1112 779 erat
1146 736 1314 778 Valens.
1383 733 1613 781 leeodowit,
1650 729 1743 770 hist.
1779 728 1805 770 l.
1842 731 1883 775 4,

293 826 327 851 o.
353 813 421 858 29,
444 808 543 849 vide
564 815 605 849 et
627 823 659 849 c.
685 811 751 847 30.

352 877 565 917 Moderate
594 876 675 916 and
711 874 920 916 Christian
954 874 1206 914 (lemeanour
1243 870 1347 911 after
1378 869 1555 922 victory,
1576 881 1641 907 see
1662 866 1704 906 in
1729 865 1837 905 Hen.
1860 867 1884 905 5

293 946 397 987 after
418 945 487 986 the
509 944 700 999 winning
722 943 771 984 of
788 941 984 983 Harflew.

350 1015 535 1055 Divitias
565 1028 644 1054 esse
677 1013 772 1053 belli
805 1026 946 1052 nervos
979 1017 1099 1065 ozeycct
1129 1006 1449 1054 Illaclziccrellus;
1494 1011 1530 1045 et
1553 1003 1663 1056 vulyi
1692 1017 1739 1043 ea
1768 1003 1816 1041 cle
1847 1014 1889 1041 re

293 1084 517 1138 opinionem
538 1080 701 1136 refellit,
726 1081 890 1129 discors.
917 1079 941 1119 l.
969 1079 1010 1127 2,
1035 1093 1065 1118 c.
1090 1077 1156 1117 10.

353 1149 450 1190 Non
483 1164 567 1190 esse
600 1147 781 1202 cujusvis
814 1146 973 1202 reipub.
1007 1145 1109 1185 fines
1149 1141 1315 1198 imperii
1351 1140 1459 1182 bello
1494 1138 1676 1194 proferre
1711 1136 1890 1191 aliasque

295 1227 438 1274 gentes
459 1217 503 1257 in
525 1232 638 1258 suam
671 1216 873 1257 ditionem
911 1213 1111 1267 redigere,
1146 1211 1275 1251 immo
1309 1207 1584 1265 periculosum
1618 1219 1702 1246 esse
1735 1203 1814 1244 nisi
1850 1212 1891 1244 et

291 1287 363 1328 illa
393 1286 552 1341 reipub.
576 1285 704 1341 probe
734 1283 924 1324 instituta
952 1282 1018 1331 sit,
1041 1287 1082 1321 et
1111 1279 1174 1320 illi
1205 1277 1304 1319 novi
1337 1275 1502 1332 imperii
1535 1273 1749 1330 acquisitio
1782 1279 1891 1313 reete

293 1354 618 1405 administretur,
648 1353 875 1409 prudenter
908 1349 1088 1393 ostendit
1124 1346 1434 1395 Machiavellus,
1458 1343 1628 1386 discorsi
1647 1342 1675 1383 l.
1699 1345 1739 1392 2,
1763 1357 1797 1382 e.
1826 1344 1890 1382 19.

297 1422 559 1476 [Doubtful.]

922 1534 989 1575 De
1011 1532 1112 1574 bello
1141 1531 1276 1573 Civili.

357 1631 447 1672 The
469 1630 627 1686 danger
648 1628 697 1669 of
712 1627 867 1682 calling
888 1626 932 1666 in
956 1624 1133 1666 forraine
1155 1622 1255 1671 aids,
1286 1618 1444 1661 besides
1477 1617 1549 1659 the
1585 1615 1709 1658 storie
1746 1615 1793 1656 of
1824 1614 1893 1655 the

300 1700 458 1742 Saxons
479 1698 562 1739 and
583 1697 721 1738 Danes
743 1694 957 1749 comming
978 1693 1036 1742 in,
1060 1693 1094 1732 is
1115 1690 1283 1732 evideut
1305 1689 1361 1744 by
1381 1687 1452 1728 the
1473 1700 1651 1742 purpose
1683 1685 1731 1725 of
1761 1683 1894 1724 Lewis

296 1766 476 1808 reveal'd
496 1766 553 1821 by
573 1764 645 1806 the
669 1765 807 1806 Count
829 1762 875 1803 of
891 1761 1036 1802 Melun
1053 1770 1096 1800 to
1113 1758 1184 1799 the
1203 1758 1360 1798 Barons
1382 1756 1430 1796 of
1448 1753 1656 1810 England.
1702 1751 1892 1792 Holinsh.

295 1851 337 1890 p.
358 1838 452 1876 193.
503 1833 586 1874 also
608 1833 664 1887 by
677 1831 742 1872 his
763 1830 844 1871 and
861 1829 925 1870 his
943 1827 1226 1869 Frenchmens
1242 1823 1425 1878 carriage
1442 1821 1601 1864 toward
1615 1820 1686 1861 the
1706 1817 1896 1874 English.

299 1901 492 1943 Holinslz.
514 1915 554 1955 p.
581 1901 677 1949 197,
704 1901 798 1939 198.

359 1968 555 2011 Germani
577 1966 784 2023 principes
807 1964 954 2006 Caesari
976 1963 1102 2003 fidem
1123 1960 1388 2014 officiumque
1410 1956 1657 1999 renunciant
1686 1952 1899 2010 religionis

1921 1005 2108 1045 031&2)

1930 1529 2014 1568 244

299 2052 398 2093 ergo
427 2051 550 2092 quam
572 2035 641 2075 ille
663 2041 846 2075 evertere
869 2039 1039 2073 conatus
1070 2037 1142 2070 est.
1208 2028 1302 2068 vide
1340 2026 1523 2076 Sleidan,
1557 2025 1582 2065 l.
1624 2025 1689 2073 17,
1724 2038 1764 2078 p.
1799 2023 1897 2070 296,
1917 2020 2006 2051 Vide
2024 2020 2063 2050 de

300 2106 373 2147 &o
442 2102 635 2160 [xxxiv]

359 2174 415 2214 Et
439 2172 548 2214 Galli
568 2176 842 2226 protestantes
864 2168 915 2209 de
937 2164 1139 2208 sententia
1160 2178 1328 2206 suorum
1351 2161 1647 2208 ministrorum,
1671 2159 1743 2199 &o
1803 2156 1900 2197 vide

302 2241 448 2284 Coneil
472 2240 659 2281 Trident.
683 2255 723 2294 p.
745 2241 846 2288 408,
871 2235 1082 2277 Thuanus.
1104 2233 1201 2274 hist.
1222 2232 1249 2272 l.
1273 2235 1341 2281 24,
1364 2246 1404 2286 p.
1427 2232 1525 2279 732,
1549 2237 1590 2270 et
1616 2227 1900 2270 ‹Jurisoonsul-

303 2318 440 2351 torum
463 2317 504 2350 et
527 2307 838 2362 Theologorum
860 2312 901 2346 et
935 2302 1049 2345 Seoti
1082 2301 1259 2343 eoelesiae
1294 2299 1594 2347 reformatores,
1620 2296 1780 2337 Thuan.
1805 2295 1899 2335 hist.

303 2378 329 2419 1.
355 2381 424 2427 21,
447 2393 487 2433 p.
512 2378 608 2418 647.

362 2445 465 2486 Erat
499 2452 542 2485 et
578 2439 917 2498 Magdeburgicae
951 2435 1176 2478 obsidionis
1212 2441 1398 2489 tempore
1431 2432 1605 2487 scriptus
1641 2431 1746 2472 liber
1782 2438 1823 2471 et
1857 2430 1901 2469 in

305 2512 440 2555 Gallia
461 2512 596 2553 denuo
626 2509 762 2550 editus
784 2523 848 2548 an.
877 2506 985 2547 1574
1008 2503 1150 2544 multis
1183 2501 1412 2542 rationibus
1448 2507 1489 2540 et
1522 2498 1722 2554 exemplis
1757 2497 1901 2552 ampli-

303 2582 462 2628 ficatus,
485 2579 529 2620 in
551 2594 632 2634 quo
654 2577 777 2618 licere
803 2573 1035 2616 ostenditur
1056 2569 1231 2612 subditis
1260 2569 1347 2609 vim
1376 2567 1500 2609 etiam
1535 2583 1557 2607 a
1594 2565 1902 2621 magistratibus

303 2658 423 2692 extra
442 2649 555 2704 leges
575 2647 734 2687 illatam
756 2644 799 2685 vi
820 2641 1028 2698 repellere.
1100 2640 1257 2679 leuan.
1281 2637 1375 2678 hist.
1398 2636 1423 2676 l.
1447 2637 1516 2683 57,
1540 2651 1578 2690 p.
1603 2638 1699 2676 909.

1918 2064 2020 2103 Rege,
2038 2063 2108 2094 186.
