2437 3149
836 269 896 298 OF
918 268 1043 298 JOHN
1069 266 1267 296 M1L'roN.
1816 253 1840 290 3

251 374 347 430 quia
379 374 423 415 in
456 389 545 416 cam
580 373 737 429 primus
762 387 908 428 parens
940 371 1075 427 lapsus
1108 377 1180 411 est.
1243 368 1293 409 de
1325 366 1520 422 Jejuniis,
1547 381 1588 421 p.
1617 366 1712 414 703,
1743 362 1840 404 odit.

255 442 410 498 Rigalt.

313 511 402 551 The
441 509 716 566 Englishmen
752 507 838 550 said
879 519 921 548 to
963 506 1070 547 have
1104 505 1238 546 learnt
1273 503 1381 545 thiro
1416 500 1764 560 gourmandizing
1804 499 1853 540 of

258 577 525 618 Hardiknute
559 576 630 617 the
660 575 819 617 Danish
853 574 907 616 K.
967 573 1160 615 Holinsh.
1195 572 1238 612 in
1271 571 1336 612 his
1365 570 1450 612 life.
1511 568 1639 610 noted
1680 568 1763 608 also
1807 566 1854 606 of

255 645 503 686 immoderat
524 644 700 699 feasting
721 644 778 699 by
798 643 959 693 Jovins,
986 641 1096 683 Hist.
1117 641 1144 681 l.
1170 643 1236 691 11,
1263 643 1354 681 180.
1422 637 1490 694 [i]

316 713 405 754 The
438 712 608 753 Indians
639 712 683 752 iu
720 711 970 760 Summatra,
993 716 1109 764 great
1141 708 1342 764 gluttons,
1365 721 1500 748 renew
1523 705 1630 746 thire
1663 701 1847 745 stomack

257 782 313 837 by
334 781 527 836 chewing
548 795 600 821 an
620 779 746 820 hearb
769 778 891 819 call’d
914 778 1074 818 Arecca
1094 776 1246 817 betula.
1306 775 1501 827 Parchas,
1524 781 1623 814 tom.
1653 775 1688 822 1,
1716 773 1807 812 132.

910 891 977 933 De
998 892 1199 933 Libidine.
1887 886 1935 925 14

318 984 577 1041 Παιδεραςία
608 999 679 1026 seu
706 982 1014 1040 ἄῤῥενοκοττια.
1076 981 1186 1033 Quid
1213 987 1347 1036 potest
1379 993 1462 1020 esse
1488 985 1674 1019 sanctum
1703 975 1755 1015 iis
1782 973 1854 1029 qui

260 1064 421 1097 aetatem
461 1054 709 1096 imbecillam
753 1061 794 1095 et
832 1052 1019 1109 praesidio
1055 1051 1314 1106 indigentem
1349 1048 1516 1090 libidini
1557 1063 1636 1088 suae
1672 1045 1856 1101 depopu-

259 1125 425 1166 landam
448 1123 763 1179 foedandamque
785 1121 1091 1178 prostraverint.
1154 1121 1346 1169 Lactcmt,
1371 1119 1396 1159 l.
1420 1120 1459 1167 6,
1482 1133 1516 1158 c.
1539 1120 1606 1157 23.

1902 1092 1934 1111 [κ

322 1193 372 1233 In
394 1192 542 1233 fabulis
559 1191 706 1233 nostris
727 1198 895 1231 notatur
920 1188 1163 1231 Sodomitici
1183 1188 1343 1244 peccati
1364 1202 1439 1227 rex
1461 1183 1742 1240 Mempricius.

325 1260 542 1317 Stuprum.
606 1260 781 1302 Gentem
804 1274 825 1300 e
846 1257 998 1314 stupris
1019 1256 1248 1311 illicitoque
1279 1254 1476 1309 conjugio
1508 1262 1647 1294 natam
1668 1252 1856 1307 ignoram

263 1337 305 1371 et
339 1328 610 1385 perniciosam
646 1327 790 1384 patriae
825 1326 1006 1367 futuram
1043 1324 1100 1365 ait
1141 1323 1380 1364 Bonisacius
1415 1322 1459 1362 in
1495 1321 1568 1362 illa
1603 1320 1771 1376 egregia
1805 1318 1858 1359 ad

268 1397 563 1439 Ethelbaldum
586 1395 835 1438 Merciorum
856 1409 996 1449 regem
1019 1393 1135 1449 epist.
1195 1391 1461 1432 Malmesbur.
1485 1389 1512 1429 1.
1538 1393 1574 1429 1.

325 1465 512 1506 Duarum
553 1464 767 1520 virginum
804 1462 1069 1518 Belgicarum
1110 1461 1276 1516 egregie
1317 1467 1505 1514 stuprum
1541 1457 1702 1497 illatum
1739 1455 1860 1496 ulcis-

268 1536 464 1584 centium,
489 1534 679 1590 exempla
699 1532 796 1574 vide
818 1531 927 1587 apud
956 1532 995 1571 T
993 1532 1111 1572 leuem.
1137 1528 1247 1570 Hist.
1268 1528 1296 1569 l.
1320 1530 1388 1578 66,
1413 1543 1450 1583 p.
1474 1529 1570 1575 267,
1596 1528 1692 1566 268.

970 1645 1006 1687 C
1006 1646 1159 1686 astitas.
1898 1634 1944 1674 15

329 1741 447 1783 Ebba
481 1738 682 1781 monacha
713 1752 859 1780 nasum
892 1735 970 1778 sibi
1005 1743 1047 1777 et
1081 1734 1189 1775 labia
1225 1731 1449 1782 truncavit,
1484 1730 1676 1786 idemque
1710 1729 1864 1770 caeteris

268 1811 478 1852 severibus
494 1808 620 1850 suasit
642 1816 688 1849 ut
707 1807 786 1848 hoc
807 1806 930 1846 modo
959 1804 1061 1846 elusi
1093 1802 1204 1844 Dani
1234 1801 1340 1843 nihil
1373 1801 1414 1841 in
1446 1815 1586 1841 carum
1620 1797 1862 1854 pudicitiam

270 1887 494 1921 tentarent.
554 1878 624 1919 Sto
646 1892 699 1918 ex
721 1875 834 1916 Flor.
858 1874 967 1915 Hist.
989 1889 1030 1929 p.
1055 1876 1122 1915 78.

878 1989 994 2029 Illors
1016 1993 1250 2042 spontanea.
1901 1978 1949 2018 16

334 2084 503 2124 Poenam
525 2096 664 2123 eorum
689 2079 799 2136 apud
831 2077 983 2119 inferos
1015 2075 1229 2117 scitissime
1262 2072 1457 2114 describit
1487 2068 1866 2120 Dantes,1nfern0,

272 2161 380 2195 cant.
409 2155 472 2192 13.

334 2221 386 2260 W
392 2219 539 2261 hethei·
558 2216 731 2267 lawfull,
755 2213 946 2270 disputed
978 2212 1078 2254 with
1105 2209 1309 2267 exquisite
1335 2207 1565 2262 reasoning.
1628 2205 1701 2247 Sir
1728 2204 1870 2260 Philip

278 2288 366 2330 Sicl.
390 2286 543 2327 Arcad.
565 2286 592 2326 l.
615 2289 657 2336 4,
679 2288 780 2334 419,
803 2283 876 2324 &Q

973 2395 1177 2436 Ebrietas.
1908 2387 1954 2428 17

341 2492 455 2549 King
487 2491 663 2547 Edgar’s
693 2489 772 2531 law
800 2488 960 2545 against
989 2487 1309 2528 drunkennesse.
1372 2483 1494 2532 δίου),
1518 2496 1558 2536 p.
1582 2483 1648 2521 85.
1714 2476 1872 2519 Which

281 2561 556 2617 Englishmen
592 2574 659 2600 are
693 2557 779 2599 said
812 2565 855 2598 to
891 2556 998 2597 have
1035 2555 1167 2596 learnt
1208 2553 1257 2594 of
1290 2552 1361 2593 the
1404 2550 1540 2591 Dauos
1572 2548 1615 2588 in
1656 2547 1720 2588 his
1761 2546 1872 2602 days.

281 2629 524 2679 IIoZinshed,
546 2629 572 2669 l.
597 2630 636 2675 6,
659 2644 692 2668 c.
716 2630 784 2666 23.
