2437 3149
849 270 910 298 OF
933 270 1057 299 ιΙΟΠΝ
1082 269 1284 297 MlLToN.
1810 256 1857 292 13

272 374 474 415 Ecclesiaev
539 373 621 415 Sed
646 372 829 414 Socrates
849 372 921 413 ubi
943 372 1193 413 mentionem
1218 370 1317 411 facit
1334 368 1587 410 matrimonii
1604 367 1856 408 Clericorum

270 441 327 482 ait
355 441 536 497 intelligi
568 440 715 481 debere
747 440 796 481 de
827 439 876 480 iis
907 439 978 495 qui
1009 454 1181 479 uxorem
1216 438 1435 487 duxerant,
1459 436 1679 491 antequam
1709 448 1860 474 munus

273 509 605 551 Ecclesiastieum
638 509 921 564 suscepissent,
943 523 1013 549 seu
1040 507 1098 547 ita
1124 507 1210 562 ipse
1241 505 1460 561 scripserit,
1484 520 1554 545 scu
1586 503 1676 559 quis
1707 510 1860 558 postea,

268 576 378 632 quod
403 577 519 618 facile
546 577 633 618 fieri
659 576 810 632 potuit,
833 576 910 617 ista
942 576 992 617 de
1024 590 1096 616 suo
1128 574 1432 630 interposuerit.
1464 573 1560 614 vide
1592 581 1633 613 ct
1663 570 1859 619 cundem,

265 646 291 686 l.
317 648 355 696 5,
379 661 412 686 c.
436 649 504 696 22,
526 661 642 700 graec.
668 661 706 700 p¹
731 648 811 686 698
841 643 978 699 [small
1000 642 1209 699 Writingl,
1234 650 1275 683 et
1302 643 1467 683 Cedren.
1492 656 1530 696 p.
1557 642 1637 681 236
1664 638 1742 695 [ix.
1765 638 1825 694 a].

329 713 497 754 Petrum
515 721 555 754 et
576 713 748 753 Paulum
765 711 1075 752 matrimonium
1091 709 1341 751 contraxisse
1358 709 1518 749 disertis
1533 707 1670 748 verbis
1686 707 1862 747 affirmat

269 784 473 838 Iffllatius,
497 790 538 823 et
558 780 658 837 quid
680 780 730 821 de
753 779 1016 820 matrimonio
1033 778 1158 819 sentit
1179 778 1359 818 declarat
1382 777 1512 832 Epist.
1531 777 1581 817 ad
1603 774 1862 830 Philadelph.

269 866 310 906 p.
345 854 412 900 94,
444 853 511 901 95,
541 858 582 891 et
610 849 792 890 Clemens
824 847 1028 888 Aleaearzcl.
1062 846 1212 887 Strom.
1246 848 1285 894 3,
1316 860 1409 900 pag.
1438 848 1536 894 448,
1570 852 1611 884 et
1640 844 1758 885 Felc'a’
1790 842 1862 898 qui

270 917 571 974 presbyterium
594 915 932 957 subministrabat
952 914 1027 955 sub
1052 914 1225 955 Decimo
1247 929 1342 954 cum
1368 912 1557 954 Victoria
1578 912 1754 966 conjuge
1776 911 1863 964 ejus

272 995 438 1043 propter
459 985 583 1027 fidem
604 984 778 1026 extorris
798 983 952 1039 legitur
974 984 1105 1024 faetus
1127 982 1237 1038 apud
1265 981 1462 1038 Cypriam,
1486 980 1603 1036 epist.
1632 983 1694 1020 19.

328 1055 410 1096 and
450 1054 520 1095 the
561 1054 705 1109 preists
746 1053 792 1093 of
829 1051 1025 1107 England
1061 1051 1199 1092 before
1240 1050 1311 1090 the
1348 1050 1560 1105 Conquest
1600 1047 1707 1088 thire
1747 1055 1865 1102 great

268 1125 489 1180 impugner
511 1122 627 1164 John
651 1121 881 1164 Cremensis
902 1120 1116 1175 (Holinslz.
1139 1135 1179 1175 p.
1201 1122 1272 1172 42)
1296 1119 1448 1174 bceing
1470 1116 1658 1159 detected
1675 1115 1864 1156 himselle

269 1192 318 1232 of
340 1191 569 1241 whordom,
595 1190 718 1238 Βῖθυν,
743 1188 851 1230 Hen.
878 1188 909 1230 Ι.
933 1204 974 1243 y.
999 1190 1068 1238 26,
1092 1186 1311 1228 forbidden
1341 1195 1382 1227 to
1412 1201 1548 1241 marry
1571 1186 1626 1241 by
1650 1184 1863 1232 Anselme,

269 1260 393 1301 much
411 1258 657 1301 eondemn'd
670 1257 825 1299 therfor
842 1258 897 1312 by
911 1272 962 1297 an
979 1256 1048 1297 old
1065 1256 1203 1297 writer
1222 1255 1330 1296 IIen.
1346 1255 1621 1310 Hcmtinyton.
1674 1254 1862 1294 Holinsle.

270 1345 309 1384 p,
344 1332 412 1379 30,
445 1328 554 1369 Hen.
587 1327 620 1368 I.
684 1326 760 1368 See
788 1326 872 1367 also
905 1325 974 1367 the
1010 1324 1159 1366 absurd
1195 1324 1356 1365 articles
1390 1324 1438 1364 of
1467 1324 1538 1365 the
1570 1323 1688 1364 other
1719 1323 1865 1379 synod,

270 1413 310 1454 p.
345 1400 413 1438 34.
479 1396 554 1437 See
586 1396 669 1436 also
702 1396 807 1435 Mat.
845 1395 976 1435 Paris
1011 1393 1172 1449 against
1206 1382 1446 1448 forbidding
1484 1392 1685 1447 marriage
1721 1401 1761 1431 to
1798 1391 1866 1432 the

269 1466 436 1522 clergie,
476 1465 621 1521 Speed,
655 1480 696 1520 p.
730 1467 813 1504 432
852 1463 934 1504 and
966 1466 1065 1504 448.
1127 1461 1239 1504 Vide
1277 1461 1430 1503 Concil.
1468 1462 1645 1502 Trident.
1681 1460 1705 1500 l.
1743 1464 1784 1509 8,
1816 1459 1867 1500 ad

272 1533 411 1583 finem,
434 1533 506 1575 ubi
537 1531 741 1588 Theologi
781 1530 977 1573 Germani
1008 1529 1216 1585 adjunctis
1251 1528 1507 1570 Ferdinandi
1538 1528 1796 1584 imperatoris
1827 1536 1868 1568 et

273 1602 388 1643 ducis
412 1601 559 1643 Bavar.
581 1600 710 1642 literis
730 1599 1044 1641 matrimonium
1066 1598 1309 1640 elericorum
1334 1596 1577 1639 defendunt.

334 1669 617 1726 Polygamiam
644 1676 831 1710 veterum
869 1667 1111 1709 Judaeorum
1146 1674 1313 1722 propter
1343 1666 1457 1707 varia
1489 1665 1682 1721 mysteria
1713 1664 1786 1706 sub
1816 1664 1868 1705 ea

271 1738 442 1780 latentia
473 1738 585 1779 haud
613 1738 890 1779 inconcessam
924 1736 1045 1777 fuisse
1081 1735 1139 1776 ait
1170 1735 1325 1776 Justz'n.
1359 1735 1489 1776 Mart.
1523 1734 1682 1790 Tryph.
1709 1749 1748 1789 p.
1782 1736 1864 1774 364

274 1815 315 1848 et
337 1808 432 1849 371.

339 1875 559 1930 Greqorz'us
581 1874 791 1928 Nyssenus
811 1888 984 1913 uxorem
1006 1871 1156 1913 habere
1173 1879 1345 1912 testatur
1362 1880 1461 1911 tom.
1480 1875 1520 1920 3,
1540 1870 1590 1912 de
1614 1870 1868 1926 virginitate,

278 1946 374 1984 116.

332 2012 417 2053 Cur
454 2011 630 2066 Papistae
659 2009 922 2051 matrimonia
953 2008 1062 2049 clero
1093 2007 1330 2062 prohibent,
1361 2007 1457 2047 vide
1489 2006 1667 2047 rationes
1698 2014 1866 2056 astutas,

279 2079 430 2122 Concil.
460 2080 640 2120 Triclent.
665 2078 691 2118 l.
717 2080 757 2128 5,
779 2093 817 2133 p.
842 2079 942 2127 446,
966 2084 1007 2117 et
1030 2078 1127 2126 662,
1150 2075 1178 2116 l.
1202 2077 1241 2117 7.

339 2146 563 2202 Spuridion
587 2145 814 2200 Episcopus
837 2143 1016 2200 Cyprius
1044 2143 1109 2184 vir
1139 2142 1368 2183 sanctitatis
1393 2142 1502 2183 fama
1531 2142 1871 2184 celebratissimus

274 2216 349 2257 sub
373 2214 646 2256 Constantino
672 2213 861 2270 quamvis
882 2212 1104 2268 conjugem
1128 2219 1170 2253 et
1190 2212 1340 2253 liberos
1361 2211 1532 2254 haberet
1553 2211 1707 2253 dieitur
1729 2219 1869 2252 tamen

278 2283 327 2324 οὐ
344 2281 453 2336 ταρὰ
474 2284 607 2323 ποῦτο
628 2279 682 2322 τὰ
704 2280 795 2322 θεῖα
814 2279 982 2336 χείρων.
1044 2280 1199 2321 δοεοφη.
1222 2280 1248 2319 l.
1274 2283 1310 2327 1,
1334 2295 1368 2320 e.
1396 2283 1459 2320 ll.

338 2349 522 2404 Mariage
545 2347 707 2389 allow'd
730 2356 772 2387 to
793 2347 938 2402 preists
959 2347 1004 2386 in
1025 2346 1095 2387 the
1119 2346 1303 2387 Councel
1326 2347 1373 2387 of
1398 2347 1579 2397 Vienne,
1616 2347 1660 2387 in
1696 2346 1869 2394 France,

279 2434 392 2459 more
414 2417 513 2458 than
537 2420 620 2458 900
648 2431 789 2472 yeares
820 2415 922 2455 after
954 2414 1108 2463 Christ,
1135 2414 1205 2455 the
1236 2413 1380 2470 Pope’s
1410 2415 1563 2471 legates
1592 2415 1741 2469 beeing
1770 2413 1869 2455 then

278 2495 453 2543 present.
524 2485 699 2534 Geram,
725 2484 822 2524 Hist
860 2483 1030 2533 France,
1053 2483 1078 2523 l.
1103 2486 1142 2533 5,
1165 2498 1204 2538 p.
1230 2486 1326 2524 300.

337 2555 448 2596 Vide
478 2568 714 2610 responsum
756 2551 996 2592 Elizabcthe
1029 2566 1123 2592 cum
1158 2551 1263 2592 duce
1301 2551 1474 2592 Andino
1509 2551 1672 2607 nuptias
1705 2559 1871 2607 propter

277 2622 487 2679 religionis
508 2621 781 2663 differentiam
806 2619 1050 2662 amolientis⁴
1118 2618 1231 2659 Cam.
1258 2634 1298 2674 p.
1326 2621 1416 2660 197.
