2437 3149
335 594 381 634 61

335 1344 387 1385 67

336 1836 390 1877 ’70

349 2247 394 2288 ’71

417 302 440 338 8
933 306 964 333 A
987 300 1350 334 comMoNPLAOE
1374 299 1506 329 BOOK

475 411 694 453 Rhetorica
727 417 784 450 est
809 408 994 464 facultas
1031 408 1072 447 in
1109 420 1268 461 quaque
1300 418 1342 444 re
1376 401 1539 443 videndi
1571 400 1679 454 quod
1714 397 1905 452 continyit
1938 409 2019 437 esse

419 481 607 522 idoneum
629 480 684 519 ad
693 476 934 532 faciendam
945 476 1088 531 fidem,
1112 489 1199 528 cap.
1224 475 1278 512 2⁰.

1088 587 1156 628 De
1177 586 1352 626 Illa-sica.

478 684 551 724 An
584 681 769 723 Ecclesia
805 679 974 721 alternis
1008 692 1154 719 canere
1186 675 1344 732 primus
1380 671 1605 714 instituisse
1645 669 1799 710 dicitur
1833 666 2021 723 Ignatius

420 751 772 793 Antiochensium
808 749 1023 805 episcopus
1056 753 1147 802 post
1184 744 1352 786 Petrum
1387 741 1545 783 tertius.
1612 739 1770 780 Socrat.
1792 737 1820 778 l.
1845 738 1885 787 6,
1914 751 1948 776 c.
1980 739 2019 776 8.

422 821 576 878 [Small
593 819 797 874 writing.]
1766 851 1772 856 ‚

480 889 644 945 Organa
680 887 862 943 primum
903 885 947 925 in
991 883 1137 926 Gallia.
1150 881 1281 922 —Les
1324 877 1649 920 Ambassadeurs
1689 874 1740 915 de
1775 871 2021 915 Constantin

420 972 638 1014 emperour
661 956 766 997 Grec
787 960 1054 1010 apporterent
1074 967 1096 992 a
1118 965 1192 1005 roy
1226 948 1357 1004 Pepin
1390 946 1460 987 des
1493 945 1666 1000 Orgues,
1704 943 1830 997 qu’on
1865 939 2024 981 n'avoit

420 1041 491 1082 pas
511 1040 659 1067 encore
680 1038 804 1065 veues
825 1038 877 1063 en
901 1022 1072 1062 France.
1144 1018 1312 1061 Girarcl.
1339 1015 1448 1055 Hist.
1474 1013 1647 1062 France,
1669 1019 1696 1052 t.
1722 1014 1762 1060 3,
1783 1025 1822 1065 p.
1851 1012 1945 1049 138.

482 1093 619 1135 Guido
662 1091 864 1132 Aretinus
904 1089 1105 1130 rationem
1149 1083 1345 1127 cantandi
1395 1081 1640 1123 hodiernam
1681 1076 1909 1125 adinvenit,
1951 1090 2024 1131 per

425 1161 613 1211 Gamma,
657 1159 746 1208 mh,
789 1174 845 1208 re,
890 1157 959 1205 mi,
1003 1164 1080 1197 etc.
1141 1153 1248 1195 circa
1300 1166 1455 1192 annum
1503 1151 1626 1189 1000.
1696 1146 1868 1198 Girard,
1913 1143 2023 1184 Hist.

425 1229 600 1280 Franee,
622 1228 647 1270 l.
672 1231 712 1278 6,
734 1243 774 1283 p.
800 1229 895 1268 337.

1094 1336 1357 1379 Consultatio.

485 1446 697 1497 Quatenus
738 1441 987 1484 credendum
1031 1446 1072 1480 et
1112 1435 1424 1492 obsequendum
1466 1434 1517 1474 sit
1557 1431 1810 1488 prudentum
1845 1427 2026 1471 consiliis

425 1515 630 1571 sapienter
664 1512 785 1553 docet
816 1509 1066 1557 Cominaeus,
1098 1505 1359 1560 rationesque
1393 1501 1530 1543 reddit
1562 1499 1847 1556 gravissimas3
1891 1511 2027 1537 errare

426 1583 550 1625 etiam
574 1580 790 1637 saepissime
812 1577 1051 1634 prudentes,
1069 1573 1135 1615 vel
1158 1571 1373 1613 affectibus
1395 1569 1526 1620 ducti,
1547 1568 1615 1609 vel
1637 1575 1684 1608 ut
1704 1566 1861 1608 aemulis
1891 1572 2026 1620 partes

426 1659 621 1693 tueantur
642 1647 879 1696 contrarias,
897 1645 964 1686 vel
989 1640 1226 1698 aliquando,
1249 1648 1296 1680 ut
1326 1638 1373 1679 fit
1404 1638 1437 1678 si
1469 1638 1574 1677 forte
1605 1634 1785 1690 corporis
1808 1633 1873 1674 vel
1898 1632 2026 1673 animi

426 1719 573 1761 habitu
594 1718 676 1759 sint
696 1716 834 1757 minus
855 1728 966 1755 sano.
1033 1709 1190 1753 Comin.
1214 1709 1241 1748 l.
1265 1711 1304 1755 2,
1328 1722 1367 1762 p.
1394 1708 1462 1756 94,
1486 1704 1584 1746 edit.
1610 1703 1715 1745 Gall.
1741 1701 1865 1743 Paris.

1131 1824 1321 1879 Iynavia.

489 1924 742 1979 Ignavorum
765 1933 885 1975 poena
907 1915 1018 1972 apud
1039 1913 1191 1955 inferos
1213 1912 1283 1968 qui
1305 1910 1411 1951 nihil
1434 1909 1476 1949 in
1498 1908 1574 1949 hac
1597 1907 1683 1947 vitfi
1699 1905 1817 1956 bene,
1833 1904 1900 1946 vel
1917 1903 2028 1964 quod

427 1990 647 2046 insigniter
674 1988 727 2029 sit
747 1986 920 2035 malum,
943 1982 1118 2039 egerint,
1143 1979 1388 2021 describitur
1419 1979 1442 2018 ἰι
1474 1976 1610 2017 Dante
1644 1973 1907 2022 Florentino;
1940 1988 2028 2028 per-

428 2060 555 2115 petua
587 2056 743 2098 scilicet
783 2051 1072 2109 inquictudine
1109 2057 1149 2091 et
1191 2047 1370 2103 quodam
1407 2053 1528 2086 oestro
1564 2044 1767 2084 incessum
1803 2041 2026 2097 agitantur.

430 2128 583 2176 Dante,
608 2126 790 2174 Inferno,
812 2136 920 2164 cant.
948 2125 986 2162 3.
1057 2118 1208 2173 [Small
1231 2114 1435 2172 writing.]

1074 2234 1141 2274 De
1162 2231 1386 2272 Mendacio,

495 2333 664 2387 Semper
694 2328 911 2370 veritatem
934 2325 1069 2365 dicere
1091 2321 1193 2363 solet
1215 2320 1279 2361 vir
1301 2320 1448 2369 bonus,
1471 2317 1609 2374 inquit
1638 2317 1817 2359 Clemens
1848 2319 1964 2366 πλην
1995 2313 2032 2356 εἰ

432 2417 598 2455 μηποτε
633 2398 676 2439 ἐν
712 2393 936 2451 θεραπείας
978 2407 1093 2447 μερει
1134 2388 1327 2443 καθαπερ
1369 2386 1508 2441 ἰατρος
1543 2384 1649 2440 πρὸς·
1690 2385 1915 2428 νοσοῦντας
1959 2382 2031 2424 ἐπὶ

435 2467 625 2524 σωτηρία
655 2483 737 2508 των
768 2477 1009 2516 καμνοντων
1039 2463 1252 2515 «Iseum-:Tac
1282 2456 1308 2508 ἤ
1339 2453 1498 2511 ψὲυδος
1529 2454 1625 2509 ἐρεῖ,
1652 2460 1729 2494 etc.
1762 2451 1911 2493 strom.
1937 2451 1962 2492 l.
1989 2453 2028 2500 7,

436 2555 474 2595 p.
499 2541 595 2580 730.

499 2604 652 2647 Salutis
674 2601 849 2658 publicae
870 2597 994 2640 causa
1015 2596 1114 2637 hinc
1137 2593 1242 2635 illud
1272 2593 1471 2647 Torquati
1490 2590 1562 2632 ubi
1595 2588 1869 2645 Sophroniam
1902 2588 2031 2628 intro—

439 2674 555 2716 ducit
587 2670 760 2725 surrepti
800 2667 904 2708 ldoli
938 2680 1091 2706 noxam
1124 2663 1165 2704 in
1199 2677 1241 2703 se
1272 2660 1581 2702 transferentem
1613 2656 1801 2713 quamvis
1823 2656 1865 2696 id
1887 2671 2031 2698 vorum
