2437 3149
343 799 392 838 55

351 1750 400 1791 57

426 297 448 334 6
934 306 962 333 Α
986 303 1353 335 COMMONPLACE
1379 303 1507 332 Boox

486 407 661 450 Ordines
684 407 919 448 Hollandiae
939 407 981 448 in
1005 407 1144 448 medio
1166 406 1290 448 etiam
1312 405 1516 447 bellorum
1533 410 1633 445 aestu
1651 410 1848 458 tanquam
1866 400 2021 457 pacatis

426 477 546 518 rebus
569 492 620 517 ne
642 476 854 517 literarum
876 476 1035 517 cultum
1058 483 1100 516 et
1129 475 1353 516 liberorum
1391 472 1695 514 institutionem
1729 470 1849 512 rebus
1884 469 2021 510 adhuc

425 545 492 586 vel
513 544 694 585 maxime
716 543 853 585 dubiis
874 543 1086 599 negligere
1106 543 1364 591 viderentur,
1384 539 1657 582 Academiam
1682 538 1881 594 Lugduni
1900 537 2021 578 Bata-

424 629 572 654 vorum
594 612 864 653 instituerunt
894 612 1041 667 amplis
1072 627 1125 652 ex
1158 626 1271 652 sacro
1304 609 1556 666 patrimonio
1591 606 1866 662 vectigalibus
1901 605 2021 647 attri-

425 682 551 723 butis.
617 682 775 722 leuan.
799 680 894 721 hist.
916 680 943 721 l.
967 683 1035 731 60,
1057 695 1098 735 p.
1122 682 1189 720 81.

1052 793 1120 836 ,De
1147 793 1401 835 Curiositate.

491 885 741 937 Quaestiones
781 884 1006 940 profundas
1047 883 1098 924 de
1149 882 1226 924 deo
1277 897 1376 938 quas
1426 881 1609 922 humana
1657 879 1762 921 ratio
1813 877 2023 920 difficilius

428 954 738 1010 interpretetur,
775 962 847 994 aut
897 960 1148 1008 assequatur,
1191 959 1262 991 aut
1311 966 1394 991 non
1447 948 1701 1004 cogitandas,
1742 956 1814 988 aut
1862 946 2026 988 silentio

429 1021 672 1077 premendas
712 1036 764 1061 ne
804 1020 848 1060 in
884 1020 1036 1074 vulgus
1070 1019 1259 1069 edantur,
1298 1017 1499 1073 deturque
1534 1016 1634 1057 hinc
1673 1015 1864 1057 materies
1902 1013 2026 1055 schis-

431 1097 587 1129 matum
610 1089 654 1129 in
679 1088 876 1139 Ecclesia,
899 1086 1196 1143 sapientissime
1230 1093 1372 1126 monet
1414 1085 1706 1127 Constantinus
1739 1084 1782 1124 in
1819 1081 1952 1138 Epist.
1973 1081 2025 1122 ad

431 1157 721 1198 Alexandrum
757 1164 798 1197 et
830 1155 995 1196 Arium.
1060 1155 1207 1196 Enseb.
1239 1154 1284 1194 in
1312 1153 1400 1208 ejus
1429 1153 1531 1203 vita,
1552 1153 1580 1195 l.
1613 1156 1653 1203 2,
1685 1167 1721 1194 c.
1743 1154 1812 1203 77,
1844 1160 1885 1192 et
1915 1149 2025 1206 apud

432 1227 589 1266 Socra&
611 1224 638 1266 l.
666 1228 700 1265 1.

493 1290 704 1348 Sophistas
725 1292 889 1333 noctuis
910 1291 1106 1332 assimilat
1127 1291 1263 1331 Basil.
1286 1290 1357 1346 qui
1378 1289 1422 1330 in
1444 1289 1565 1330 rebus
1587 1288 1758 1329 minutis
1779 1295 1820 1329 et
1841 1286 2023 1329 obscuris

432 1361 585 1403 oculati
625 1370 721 1402 sunt
761 1369 832 1402 aut
864 1361 922 1401 ita
955 1359 1068 1401 credi
1100 1359 1263 1409 volunt,
1298 1358 1342 1398 in
1377 1358 1499 1399 rebus
1532 1356 1687 1407 solidis,
1722 1364 1763 1397 et
1799 1355 2028 1412 eonspiouae

431 1431 630 1482 veritatis,
669 1429 930 1485 scientiaeque
963 1427 1149 1469 salutaris
1181 1426 1417 1477 caecutiunt,
1453 1426 1523 1466 illa
1558 1425 1668 1466 enim
1702 1433 1824 1466 nocte
1857 1431 2026 1465 acutum

433 1499 577 1548 cernit,
600 1498 783 1539 interdiu
805 1497 967 1552 caligat.
1033 1496 1214 1537 Hexam.
1238 1493 1397 1535 Homil.
1422 1498 1462 1535 8.
1490 1495 1582 1535 107.

493 1567 800 1622 Theologorum
842 1563 1136 1606 Parisiensium
1177 1562 1345 1604 stolidas
1385 1561 1646 1603 velitationes
1689 1559 1880 1616 depingit
1922 1558 2028 1600 Slez2

435 1639 580 1686 danus,
603 1636 630 1676 l.
653 1638 692 1683 3,
714 1650 753 1690 p.
779 1637 845 1677 36.

1098 1747 1167 1788 De
1189 1746 1368 1788 Ροθῢίσιῖ.

496 1842 560 1883 De
581 1843 702 1898 poeta
721 1840 864 1896 Anglo
881 1838 1016 1880 subito
1035 1837 1236 1879 divinitus
1253 1836 1361 1877 facto
1380 1835 1483 1876 mira
1505 1842 1546 1876 et
1566 1833 1802 1890 perplacida
1819 1831 2033 1873 historiola

437 1920 626 1953 narratur
647 1910 757 1966 apud
779 1910 950 1950 Bedam.
976 1907 1083 1947 Hist.
1106 1906 1131 1947 l.
1157 1909 1199 1956 4,
1222 1921 1256 1946 e.
1282 1907 1347 1945 24.

497 1981 590 2021 Rex
614 1978 893 2020 nobilissimus
926 1975 1124 2016 Alfi-edus
1159 1973 1371 2014 Saxonicae
1402 1986 1570 2028 poeseos
1602 1969 1884 2027 peritissimus.
1930 1968 2034 2010 Sto.

437 2066 477 2105 p.
500 2053 568 2090 80.

499 2116 693 2158 Poeticen
715 2114 767 2155 ad
788 2112 954 2154 virtutis
975 2110 1157 2153 studium
1180 2109 1407 2151 accendum
1430 2108 1474 2148 in
1495 2107 1643 2149 animis
1673 2107 1890 2147 hominum
1913 2120 1936 2146 a
1957 2105 2034 2146 deo

439 2187 626 2228 edoctam
663 2183 873 2224 Basileia&
914 2188 1056 2221 monet
1096 2177 1240 2230 ἐπειδὴ
1275 2194 1357 2231 «γαρ
1395 2175 1475 2218 εἶδε
1515 2175 1563 2217 τὸ
1604 2178 1771 2227 πνὲυμα
1810 2173 1858 2216 τὸ
1899 2173 2034 2226 ἅὙιον,

439 2255 687 2307 δυσάνγωνγον
717 2249 823 2307 ’πρὸς
852 2249 1004 2304 Cape-mv
1036 2247 1083 2289 τὸ
1116 2246 1234 2300 ’γένος
1264 2247 1346 2287 τῶν
1378 2243 1626 2300 ἀνθρώπων,
1649 2244 1720 2285 κὰι
1752 2242 1821 2284 δὶα
1851 2241 1898 2284 τὸ
1929 2240 2036 2297 ’πρὸς

439 2323 589 2375 ἡδονην
624 2320 845 2375 ἐπιῤῥεπες
875 2319 949 2359 τὸυ
980 2315 1105 2372 ὀρθόυ
1132 2314 1232 2366 βίου
1263 2331 1372 2355 κατα
1402 2319 1634 2366 μελουντας
1667 2312 1711 2353 τί
1740 2313 1875 2359 ποιεῖ;
1907 2309 1955 2352 τὸ
1989 2310 2036 2351 ἐκ

440 2393 513 2441 τῆς
543 2387 752 2442 μελωδίας
782 2387 1048 2441 τερπνοντοῖς
1080 2383 1290 2436 δογμασιν
1321 2380 1604 2434 ἐὙκατεμιξεν,
1639 2378 1705 2422 ἵνα
1738 2397 1796 2421 τω
1832 2394 2037 2434 προσηνει

441 2476 512 2500 και
551 2457 656 2512 λέεῳ
701 2459 776 2508 τῆς
821 2455 948 2505 ἀκοης
998 2451 1046 2494 ’τὸ
1098 2452 1145 2493 ἐκ
1189 2468 1274 2492 των
1316 2448 1456 2502 λόὙων
1502 2447 1707 2503 ὀφελίμον
1746 2446 2037 2492 λανθανόντως

442 2524 752 2579 ὐποδεξωμεθα,
776 2531 853 2565 etc.
914 2521 1072 2563 Ilomz'l.
1095 2521 1138 2560 in
1164 2520 1268 2560 Psal.
1297 2522 1314 2559 1
1341 2533 1508 2574 proaem.

500 2593 729 2635 Numidian
751 2599 878 2648 poets,
905 2590 989 2631 Leo
1014 2589 1117 2630 Afer
1138 2588 1181 2628 in
1211 2588 1412 2637 Pin-cleas,
1436 2594 1534 2626 tom.
1559 2588 1600 2636 2,
1620 2588 1723 2635 759;
1746 2593 1788 2626 et
1809 2585 1894 2626 Leo
1919 2585 2036 2641 Afer,

443 2662 540 2703 edit.
571 2660 766 2715 Lugdun.
786 2660 809 2700 l.
831 2662 868 2699 2.
888 2661 985 2707 212,
1004 2666 1080 2698 etc.
1102 2655 1183 2696 and
1204 2655 1392 2696 I'urclms
1408 2668 1457 2694 ex
1480 2652 1632 2703 Leone,
1656 2653 1680 2694 l.
1702 2656 1740 2701 2,
1765 2660 1862 2693 tom.
1883 2656 1922 2703 2,
1943 2655 2036 2694 795.
