2437 3149
847 300 906 328 OF
929 300 1055 329 JOHN
1079 298 1279 327 Ml12T0N.
1809 285 1855 322 15

911 444 1223 487 Com-ubinam.
1898 439 1967 478 110

323 534 413 575 The
444 550 564 576 cause
596 534 645 575 of
667 533 874 575 houshold
903 533 1094 588 disquiot.
1164 546 1206 572 as
1246 531 1280 570 it
1322 528 1459 570 turn'd
1501 527 1603 569 both
1646 527 1740 567 wife
1782 525 1863 566 and

265 603 456 644 children
478 602 639 659 against
660 618 736 643 our
759 602 868 643 Hen.
892 605 930 643 2.
993 600 1188 642 IIolinsk.
1212 615 1250 655 p.
1273 600 1339 640 87.

327 671 613 713 Concubinam
635 686 760 711 unam
783 669 968 725 permitti
990 668 1032 708 in
1058 667 1241 708 Ecclesia
1263 665 1435 721 antiqua
1459 663 1694 706 Christiana
1724 661 1866 702 multis

263 747 428 795 patrum
453 738 699 779 testimoniis
720 745 895 778 testatur
941 737 1158 788 Selclemcs‘,
1175 735 1226 776 de
1243 736 1337 790 jure
1360 743 1442 775 nat.
1469 742 1509 775 et
1531 726 1643 789 gent.
1663 732 1689 773 l.
1709 735 1750 781 5,
1768 747 1803 772 c.
1825 733 1863 778 7,

265 823 304 862 p.
330 808 426 848 573.

326 873 481 914 Multos
504 873 627 914 etiam
651 872 821 913 elericos
836 871 947 912 viros
963 870 1136 911 minime
1159 870 1286 910 malos
1308 862 1553 924 martyrium
1570 867 1691 909 etiam
1715 881 1864 922 passos,

265 941 454 981 foeminas
474 940 518 980 in
540 939 732 980 domibus
751 938 942 980 habuisse
969 937 1131 978 fatetur.
1201 936 1409 992 Cypriam
1431 935 1661 990 adscriptus
1690 934 1794 973 liber
1815 933 1866 973 de

267 1009 554 1065 singularitate
576 1008 834 1057 clericorum,
858 1014 953 1047 sect.
980 1009 1047 1047 38.

329 1077 515 1129 Quatuor
555 1076 806 1118 concubinas
841 1074 988 1116 habuit
1035 1073 1206 1115 Carolus
1254 1073 1446 1128 Magnus.
1532 1071 1704 1120 Girccrd,
1754 1069 1863 1111 Hist.

270 1147 416 1188 Frano.
443 1146 527 1196 l.4‚
550 1162 588 1200 p.
615 1148 711 1186 229.
1227 1192 1235 1198 ἢ

328 1213 613 1255 Concubinam
638 1211 757 1252 uxori
779 1211 977 1251 inducere
999 1209 1168 1265 negotio
1190 1224 1285 1250 oum
1308 1208 1539 1264 pastoribus
1561 1206 1866 1248 communicato

268 1281 381 1322 haud
402 1298 442 1323 se
464 1281 685 1337 indignum
709 1279 967 1321 existimavit
1000 1278 1217 1333 Philippus
1248 1276 1318 1317 ille
1353 1276 1507 1317 Hassiae
1543 1275 1733 1331 princeps
1770 1290 1865 1330 pro-

270 1350 511 1391 testantium
536 1350 635 1390 dux.
708 1350 864 1389 Tlmsm.
892 1347 999 1388 Hist.
1022 1347 1047 1388 1.
1073 1350 1141 1392 41,
1164 1361 1203 1401 p.
1225 1346 1324 1387 447.

329 1420 501 1461 Carolus
548 1418 763 1459 Martellus
808 1417 998 1473 princeps
1042 1414 1340 1456 bellicossimus
1379 1414 1475 1467 (sic)
1515 1422 1638 1468 atque
1689 1412 1869 1468 optimus
1890 1423 1993 1471 Nothi

270 1487 511 1529 concubinae
544 1486 667 1536 filius,
705 1501 786 1541 quo
823 1492 943 1525 natus
980 1484 1162 1539 Pepinus
1197 1482 1335 1524 Caroli
1372 1482 1519 1536 Magni
1555 1490 1683 1537 pater.
1761 1466 1982 1521 Histfhffl·

272 1556 419 1597 Frano.

334 1622 620 1665 Ferdinandus
662 1620 869 1676 Alphonsi
910 1619 1178 1675 Neapolitani
1218 1618 1328 1675 regis
1363 1618 1510 1674 optimi
1548 1634 1601 1660 ex
1642 1616 1874 1659 concubina

273 1692 383 1733 filius
404 1707 532 1747 regno
555 1690 759 1731 successit.
903 1694 906 1697 '

334 1760 412 1801 Les
452 1758 636 1801 bastards
672 1757 848 1799 estoient
884 1756 1070 1797 advouez
1106 1764 1147 1797 et
1183 1765 1377 1812 partagez
1413 1755 1646 1811 egalement-
1682 1769 1781 1795 avec
1816 1753 1874 1794 les
1891 1765 1931 1795 In
1955 1764 2093 1794 Franco.

271 1828 479 1885 legitimes
494 1827 663 1883 jusques
685 1842 735 1866 au
758 1833 892 1880 temps
914 1825 1075 1866 d'Hues
1098 1824 1229 1880 Capet
1251 1840 1301 1865 en
1326 1824 1359 1865 F
1363 1839 1497 1865 ranoe.
1567 1823 1742 1872 Girurd,
1765 1822 1872 1863 Hist.

275 1897 448 1947 Franco,
471 1896 498 1937 1.
523 1899 561 1944 6,
585 1911 623 1950 p.
647 1898 742 1935 333.

333 1964 388 2005 Ils
426 1979 475 2004 ne
512 1963 602 2003 font
638 1977 708 2018 pas
744 1961 899 2017 grande
934 1960 1157 2001 differenoe
1188 1976 1239 2000 au
1274 1975 1374 2015 pays
1403 1959 1567 2000 d’Italie
1601 1958 1698 1999 (l’un
1732 1957 1875 1998 enfant
1894 1966 2048 2006 InItaly.

277 2032 439 2075 bastard
470 2033 492 2072 Ξι
524 2047 580 2072 1111
611 2029 812 2085 legitime.
872 2028 1033 2084 Philip.
1059 2029 1107 2069 de
1143 2027 1341 2076 Comines,
1364 2027 1389 2068 l.
1417 2028 1452 2068 7.
1517 2025 1753 2076 Mexnoires,
1776 2041 1809 2066 c.
1833 2028 1873 2075 2,

273 2117 312 2157 p.
337 2104 432 2143 515.

489 2215 557 2255 De
581 2214 716 2254 liberis
738 2212 967 2253 educandis.
1040 2211 1138 2251 Vide
1155 2217 1170 2234 ²²
1192 2212 1239 2252 (Ze
1259 2210 1425 2251 scientia
1447 2209 1670 2250 literarum.
1909 2208 1970 2247 111

335 2304 494 2345 Natura
527 2302 725 2357 cujusque
760 2300 967 2356 imprimis
998 2299 1255 2355 inspicienda
1290 2314 1367 2340 neo
1400 2298 1631 2354 torquenda
1664 2297 1873 2346 aliorsum,

277 2375 401 2415 deum
424 2371 534 2412 enim
558 2386 642 2411 non
677 2384 819 2410 omnes
843 2368 895 2408 ad
928 2368 1092 2423 singula
1121 2367 1316 2417 destinat,
1339 2366 1410 2408 scd
1442 2366 1493 2406 ad
1528 2380 1645 2406 51111111
1669 2378 1875 2420 quomque

273 2457 377 2498 opus
407 2440 642 2497 proprium:
673 2437 786 2479 unde
807 2437 966 2478 Dante-s·
994 2441 1020 2458 “
1037 2452 1058 2477 e
1079 2451 1120 2477 se
1140 2436 1169 2475 'l
1191 2435 1345 2476 mondo
1367 2435 1405 2475 la
1432 2434 1507 2490 giu
1529 2448 1699 2489 ponesse
1720 2440 1872 2479 mente,

275 2511 313 2551 al
335 2509 601 2550 fondamento
623 2506 698 2549 che
715 2514 862 2547 nat-ura
883 2520 1004 2561 pone,
1023 2505 1120 2546 &oz
1143 2504 1240 2545 vide
1264 2503 1471 2552 Paradiso,
1489 2509 1596 2543 cant.
1617 2504 1654 2542 8.
1720 2499 1872 2556 [small

277 2577 480 2633 writing]

772 2668 784 2681 ⁸
810 2663 894 2694 This
910 2662 983 2694 title
1000 2662 1028 2693 is
1044 2666 1101 2693 not
1120 2661 1152 2692 in
1169 2661 1224 2693 the
1242 2661 1383 2691 volume.
