2437 3149
92 1129 126 1151 es
140 1120 275 1153 Milton.

905 306 965 335 oF
986 307 1111 337 JouN
1135 307 1334 335 MilxroN.
1857 297 1904 334 61

386 669 725 711 PROLUSION
760 669 888 711 AND
922 669 1153 711 VERSES
1188 668 1514 710 PRESUMED
1547 667 1623 709 TO
1656 667 1732 709 BE
1765 667 1844 708 BY

893 737 1055 778 JOHN
1088 736 1337 778 MILTON.

827 1010 952 1046 MANE
976 1022 1088 1046 ersus
1111 1022 1269 1046 LECTUM
1291 1022 1408 1046 FUGE.

371 1113 518 1150 Tritum
538 1117 596 1151 est
615 1116 807 1151 vetustate
827 1112 1069 1162 proverbium
1091 1114 1114 1133 “
1131 1111 1297 1149 diluculo
1318 1124 1473 1160 surgere
1503 1111 1795 1149 saluberrimum
1817 1113 1911 1158 estj'

314 1189 383 1214 nec
416 1190 507 1215 sane
544 1177 669 1214 minus
708 1190 844 1214 verum
882 1176 998 1226 quam
1037 1176 1256 1225 antiquum:
1287 1176 1427 1213 etenim
1466 1176 1498 1212 si
1537 1175 1669 1212 ordine
1704 1180 1911 1224 supputare

312 1242 476 1279 conabor
495 1241 609 1292 hujus
635 1241 690 1279 rei
719 1241 891 1290 singulas
920 1241 1118 1285 utilitates,
1149 1253 1246 1290 opus
1281 1240 1389 1277 ardui
1419 1240 1559 1277 laboris
1591 1240 1695 1277 obire
1728 1240 1906 1277 videbor:

312 1319 424 1355 surge
458 1305 591 1355 igitur,
624 1318 754 1354 surge,
789 1306 897 1343 deses
934 1318 1002 1343 nec
1037 1318 1187 1354 semper
1218 1297 1349 1341 teneat
1381 1308 1419 1341 te
1452 1304 1579 1342 mollis
1608 1305 1749 1351 lectus3
1788 1304 1911 1341 nescis

310 1372 405 1418 quot
423 1369 702 1406 oblectamenta
721 1369 868 1417 praebet
889 1381 1039 1406 aurora.
1099 1368 1240 1406 Oculos
1261 1369 1450 1406 delectare
1476 1369 1606 1418 cupis?
1637 1369 1762 1418 aspice
1792 1368 1911 1405 solem

310 1446 500 1482 purpureo
520 1433 642 1470 colore
663 1433 862 1480 orientem,
879 1432 1017 1470 coelum
1037 1446 1176 1482 purum
1198 1437 1235 1470 et
1251 1433 1413 1481 salubre,
1429 1433 1713 1471 herbescentem
1730 1445 1911 1482 agrorum

310 1496 555 1544 viriditatem,
572 1496 711 1533 florum
726 1496 898 1533 omnium
913 1497 1149 1534 varietatem.
1206 1497 1332 1533 Aures
1342 1497 1478 1547 juvare
1494 1497 1588 1534 velis
1602 1499 1619 1534 *Ρ
1649 1496 1738 1534 audi
1755 1500 1911 1545 argutos

311 1561 466 1598 auvium
494 1564 696 1598 concentus
717 1564 755 1597 et
774 1561 875 1598 leves
905 1574 1020 1609 apum
1050 1573 1225 1598 susurros
1245 1575 1253 1598 :
1283 1561 1438 1598 naribus
1458 1561 1651 1610 placebis?
1683 1574 1759 1597 non
1779 1560 1911 1597 satiari

310 1625 435 1675 possis
476 1625 664 1662 suavitate
702 1624 862 1661 odorum
901 1624 967 1672 qui
1001 1624 1020 1661 e
1052 1624 1208 1661 floribus
1248 1624 1435 1661 efflantur.
1513 1624 1623 1671 Quod
1657 1625 1689 1661 si
1721 1625 1803 1661 haec
1835 1637 1911 1661 non

312 1690 492 1737 arrident,
512 1689 701 1726 rationem
721 1689 856 1726 salutis
876 1693 952 1726 tuae
973 1689 1257 1738 aliquantulum
1276 1702 1405 1737 quaeso
1427 1689 1542 1727 ducas
1559 1704 1567 1736 ;
1601 1689 1740 1738 quippe
1762 1701 1910 1725 summo

311 1767 423 1791 mane
444 1754 575 1791 cubitu
595 1766 752 1803 surgere
774 1754 822 1790 ad
841 1753 991 1790 firmam
1011 1753 1175 1802 corporis
1196 1753 1456 1790 valetudinem
1476 1766 1553 1790 non
1568 1766 1705 1802 parum
1720 1752 1909 1799 conducit,

312 1817 448 1867 studijS
480 1830 567 1854 vero
605 1817 849 1866 aptissimum
883 1820 953 1864 est,
985 1821 1075 1853 tunc
1107 1816 1208 1853 enim
1238 1816 1278 1852 in
1309 1820 1508 1854 numerato
1543 1817 1662 1854 habes
1700 1816 1911 1865 ingenium.

314 1882 506 1919 Praeterea
524 1881 611 1918 boni
643 1881 743 1930 regis
773 1885 831 1918 est
859 1894 935 1918 non
969 1894 1102 1918 somno
1130 1881 1335 1918 immodico
1362 1894 1498 1930 corpus
1519 1882 1711 1930 saginare,
1732 1884 1771 1917 et
1790 1881 1908 1917 vitam

311 1945 485 1983 feriatam
504 1949 542 1983 et
559 1945 701 1982 laboris
721 1958 881 1982 vacuam
900 1945 1125 1993 transigere,
1156 1948 1198 1981 at
1226 1944 1442 1993 reipublic-ze
1470 1958 1555 1981 cum
1590 1948 1701 1981 nocte
1732 1948 1814 1980 tum
1849 1943 1908 1980 die

311 2009 505 2047 consulere
525 2013 568 2046 ut
588 2013 721 2057 argute
742 2009 921 2045 hortatur
942 2009 1167 2045 Theocritus

840 2086 896 2120 Οὐ
917 2084 989 2134 χρὴ
1011 2086 1203 2133 κωμασθει
1224 2082 1375 2130 βαθεως

315 2179 367 2215 Et
387 2179 487 2228 apud
510 2178 725 2216 Homerum
745 2178 797 2215 sic
818 2191 974 2215 somnus
996 2177 1203 2227 alloquitur
1223 2178 1566 2226 Agamemnonem,

682 2253 982 2304 Εὕδεις”Ατρεος
1002 2255 1060 2291 υιὲ
1081 2253 1287 2304 δαέφρονος
1310 2253 1539 2304 ἱπποδάμοιο

684 2319 740 2354 Οὐ
761 2318 833 2367 χρὴ
855 2333 1073 2367 παννυχιον
1094 2315 1223 2354 εὕδειν
1243 2316 1485 2366 βουλὴφορον
1506 2316 1642 2367 ἄνδρα.

315 2412 439 2459 Quam
472 2413 518 2449 ob
552 2423 707 2448 causam
746 2411 968 2449 fabulantur
1005 2416 1128 2460 poetae
1167 2411 1377 2449 Tithonum
1414 2417 1452 2450 et
1492 2412 1705 2462 Cephalum
1743 2414 1904 2451 Aurorae

313 2476 476 2513 amasios
497 2475 644 2513 fuisse?
673 2474 856 2512 nimirum
876 2476 978 2525 quod
1000 2476 1122 2513 somni
1141 2476 1354 2525 parcissimi
1382 2475 1498 2524 fuere,
1531 2481 1580 2522 et,
1617 2477 1745 2514 relicto
1779 2478 1906 2525 cubili,

312 2552 426 2588 agros
454 2540 589 2589 pictos,
624 2543 662 2576 et
694 2539 822 2577 herbis
853 2540 1173 2577 multi-coloribus
1207 2540 1368 2578 vestitos
1399 2541 1503 2578 obire
1536 2541 1639 2578 soliti
1670 2546 1771 2579 sunt.
1831 2543 1905 2580 Sed

312 2608 356 2641 ut
379 2604 672 2642 somnolentiam
722 2603 885 2641 adicitus
914 2604 1149 2654 extirparem
1182 2610 1224 2641 ut
1257 2605 1404 2642 nullum
1438 2606 1519 2654 ejus
1554 2606 1756 2654 vestigium
1791 2608 1905 2644 relin-

311 2682 478 2718 querem,
513 2669 754 2707 incommoda
793 2669 991 2706 innumera
1038 2682 1119 2717 quae
1159 2669 1204 2705 ab
1250 2669 1315 2706 illa
1355 2670 1530 2707 omnibus
1570 2676 1727 2707 manant
1763 2671 1902 2708 nudare
