2437 3149
383 1121 408 1161 6

360 1681 409 1723 12

371 2515 419 2555 13

438 305 460 341 2
946 312 975 339 Α
999 309 1364 341 COMMONPLAOE
1390 308 1521 339 BOOK

436 417 610 467 luctans,
632 415 760 457 vitam
785 422 923 455 tamen
944 413 1172 455 coelestium
1202 412 1378 454 similem
1415 425 1537 467 agere
1572 409 1735 465 aspirat.
1801 406 1958 448 Homil.
1990 406 2034 446 in

440 483 544 526 Gen.
571 487 638 537 12,
660 498 789 539 prope
809 482 948 524 finem.

497 552 670 594 Summa
690 553 776 593 viro
797 553 896 592 bono
918 551 1056 591 habita
1077 549 1296 591 reverentia
1316 564 1342 589 a
1359 547 1513 603 populo
1531 547 1652 587 etiam
1659 546 1837 601 furente.
1880 542 2035 585 Perche

439 623 474 662 si
495 636 620 676 reffiqa
641 621 707 662 che
729 621 769 661 la
790 620 924 673 ve[ra]
948 620 1055 660 virtu
1078 620 1096 659 ὲ
1117 619 1251 659 sie-ura
1271 618 1315 658 in
1337 617 1432 671 oqui
1453 623 1621 657 estremo
1640 613 1835 670 periodo,
1859 613 2035 654 anchora

442 690 539 730 tra'l
549 689 697 744 furore
718 690 766 729 de
787 688 931 729 nemiei
952 688 995 728 in
1017 686 1116 742 qual
1144 701 1285 740 vespro
1317 684 1519 726 Statiano
1550 683 1806 737 sanyuirioso,
1841 682 1885 722 di
1919 688 2037 721 tanta

439 757 702 798 multitudine
746 756 895 809 uccisa,
931 771 1011 811 per
1050 753 1259 795 universal
1305 768 1491 794 consenso
1540 752 1585 793 di
1619 751 1713 791 tutti
1754 750 1950 791 Siciliane
1981 748 2038 804 fic

441 826 597 868 salvato
628 841 682 866 un
724 824 957 880 Cavaqliere
987 824 1032 864 ἀί
1069 823 1209 864 ozation
1239 821 1479 878 provenzale
1515 820 1626 861 assai
1659 818 1803 872 nobile,
1839 818 2038 859 chiamato

451 892 679 948 Gaylielmo
700 891 955 944 Porcelletw,
971 905 1051 946 per
1072 890 1112 931 Za
1130 906 1237 945 1ᾳναη
1259 888 1366 929 υἱνίὰ
1397 904 1416 930 e
1446 889 1568 929 bonta
1596 903 1672 928 saa
1704 894 1800 927 nota
1834 885 1860 926 ὰ
1893 885 1989 925 tutti
2023 885 2040 925 i

435 960 586 1017 populi
615 960 659 1001 cli
689 959 825 1014 quella
854 958 980 1000 Isola.
1043 958 1203 1013 Anyelo
1231 958 1275 999 di
1303 956 1515 1010 Costanzo,
1540 954 1652 996 Hist.
1678 955 1722 995 di
1744 953 1918 1009 Napoli,
1944 953 1968 994 Z.
1994 955 2036 1006 2,

437 1045 485 1085 p.
507 1030 575 1071 38.

1106 1118 1174 1159 De
1206 1117 1374 1158 Virtute.

507 1209 716 1266 Quicquid
755 1208 984 1264 speciosum
1025 1215 1085 1249 est
1124 1222 1210 1248 non
1250 1207 1388 1248 statim
1429 1205 1561 1247 virtus
1600 1212 1660 1246 est
1699 1203 1887 1245 dicenda,
1971 1201 2040 1243 Sic

446 1279 666 1334 Philippus
687 1277 832 1318 Mariae
851 1275 1004 1331 reginae
1023 1275 1195 1316 maritus
1231 1274 1516 1316 Elizabetham
1547 1273 1690 1315 tollere
1717 1287 1802 1313 non
1829 1269 2039 1319 sustinuit,

444 1363 530 1389 non
562 1354 648 1388 tam
680 1345 789 1402 quod
821 1352 984 1386 sanctus
1014 1343 1126 1400 quod
1154 1343 1333 1385 clemens
1359 1350 1407 1384 ut
1427 1342 1556 1398 vulgo
1577 1341 1772 1391 creditur,
1795 1339 1905 1396 quod
1926 1338 2041 1379 mitis

444 1415 620 1470 ingenii,
657 1414 728 1455 sed
763 1413 875 1469 quod
914 1411 1159 1468 praevideret
1197 1418 1298 1452 tunc
1338 1410 1424 1452 fore
1464 1417 1512 1451 ut
1547 1408 1681 1450 Maria
1725 1407 1886 1449 Scotica
1920 1405 2040 1447 Gallo

445 1484 687 1539 desponsata
723 1481 756 1522 si
788 1480 892 1521 forte
924 1480 969 1520 in
1004 1494 1180 1535 regnum
1216 1479 1465 1527 succederet,
1495 1477 1717 1534 imperium
1751 1475 2039 1518 Britannicum

448 1550 607 1593 Gallico
629 1549 875 1604 adjunctura
896 1555 1018 1589 esset:
1050 1555 1098 1588 ut
1126 1547 1318 1598 Camden,
1343 1546 1500 1588 Elizab.
1524 1545 1592 1587 fol.
1622 1548 1686 1587 13.

799 1679 1017 1719 Avaritia:
1050 1677 1147 1718 vide
1168 1677 1220 1719 de
1239 1676 1358 1719 bonis
1380 1675 1687 1718 Ecclesiasticis.

508 1782 765 1824 Clericorum
787 1780 1003 1822 avaritiam
1024 1787 1164 1835 aperte
1184 1786 1301 1820 notat
1321 1780 1497 1820 Dantes:
1522 1777 1703 1826 Inferno,
1727 1782 1832 1818 cant.
1859 1778 1897 1818 7.

508 1851 665 1907 Mango
693 1849 953 1905 imperadore
978 1848 1040 1890 de’
1075 1847 1237 1889 Tartari
1265 1862 1337 1904 per
1365 1851 1749 1887 ammaestramento
1770 1843 1836 1885 del
1858 1859 1902 1884 re
1923 1842 2043 1883 d’Er-

448 1918 579 1960 minia
620 1917 653 1958 si
685 1917 871 1958 battezzo
903 1924 944 1957 et
974 1914 1126 1956 mando
1163 1915 1303 1955 Aloon
1344 1929 1417 1955 suo
1450 1913 1612 1955 fratello
1652 1927 1730 1954 con
1770 1910 2044 1967 grandissimo

448 1985 639 2027 essercito
679 1999 752 2040 per
788 1983 1002 2040 conquista
1042 1982 1126 2023 rela
1159 1989 1266 2023 terra
1297 1989 1448 2023 sancta.
1509 1987 1710 2022 scontesse
1740 1979 1771 2020 il
1813 1977 1962 2033 Caliph
1992 1977 2045 2018 de

450 2053 605 2095 Baldac
621 2060 662 2095 ct
679 2052 838 2109 presolo
859 2058 902 2093 et
921 2051 964 2092 in
986 2050 1185 2107 pregione
1207 2050 1371 2091 missolo
1392 2050 1436 2090 in
1457 2065 1540 2090 una
1560 2056 1669 2089 torre
1691 2062 1767 2088 ove
1784 2047 1867 2102 egli
1884 2045 2045 2086 haveva

450 2129 624 2162 raunato
650 2120 778 2161 molto
811 2127 945 2161 tesoro
978 2127 1019 2160 et
1049 2134 1120 2173 per
1151 2118 1323 2159 avaritia
1353 2133 1438 2159 non
1468 2117 1599 2158 havea
1630 2116 1773 2156 voluto
1801 2114 1958 2156 soldare
1979 2128 2045 2154 ca-

452 2188 612 2230 vallieri
633 2204 655 2229 a
676 2203 748 2229 sua
769 2187 1014 2236 difensione,
1043 2186 1084 2227 lo
1113 2185 1262 2227 affamo
1284 2185 1459 2228 dicendo
1481 2185 1558 2226 che
1578 2183 1780 2226 convenia
1800 2183 1959 2225 vivesse
1980 2182 2047 2224 del

454 2272 528 2298 suo
549 2264 682 2298 tesoro
703 2270 726 2296 e
747 2254 790 2296 di
811 2254 949 2310 quello
970 2253 1199 2310 mangiasse
1220 2268 1339 2295 senza
1360 2253 1463 2295 altra
1493 2252 1673 2295 vivanda
1703 2251 1867 2294 havere.
1935 2250 2046 2293 Gian

466 2326 637 2375 Villam,
659 2324 684 2364 l.
708 2327 748 2373 6,
771 2340 805 2365 c.
829 2326 897 2365 61.

514 2393 696 2435 Martino
717 2399 862 2448 quarto
879 2409 887 2434 :
922 2391 1018 2433 vide
1040 2391 1090 2432 dc
1111 2390 1229 2433 bonis
1249 2392 1389 2434 eccles.

1198 2507 1317 2549 Gula.

520 2598 795 2639 Tertullianus
834 2596 1043 2652 eleganter
1079 2603 1200 2636 vocat
1249 2595 1502 2637 homicidam
1553 2594 1694 2651 gulam
1746 2601 1788 2636 et
1836 2592 2049 2649 suppliciis

453 2665 599 2708 incdiae
639 2664 898 2720 puniendum
948 2663 1019 2714 ait,
1061 2663 1221 2704 etiamsi
1275 2663 1373 2704 (leus
1419 2662 1533 2704 nulla
1578 2662 1738 2716 jejunia
1779 2660 2049 2717 praecepisset,
