2437 3149
263 515 353 546 Vide

262 558 423 590 Ecclesia,

368 959 450 999 245

265 1420 296 1451 N
300 1420 466 1452 ewhaven.

298 2375 414 2415 (13.1)

483 338 537 375 54
1003 346 1031 373 A
1055 343 1418 383 COMMONPLACE
1443 341 1571 371 BOOK

543 448 705 489 Bellum
728 463 812 488 non
834 447 1047 503 religionis
1068 462 1188 487 causa
1211 446 1402 501 cuiquam
1424 444 1576 485 inferre
1597 457 1637 483 se
1661 440 1849 497 Tyranni
1865 439 2076 485 simulant,

481 517 552 558 sed
574 517 617 556 in
649 515 845 572 quosdam
877 516 952 556 sub
984 530 1032 555 eo
1064 515 1238 555 obtentu
1269 512 1347 554 sibi
1374 511 1560 554 rebelles.
1623 509 1794 551 Carolus
1825 509 1900 549 51¹ls
1930 505 2080 547 multas

483 584 800 641 protestantium
823 583 1012 623 civitates
1032 581 1096 622 his
1117 581 1277 622 insidiis
1299 579 1476 635 decepit,
1499 586 1621 634 atque
1643 577 1693 618 ab
1716 575 1839 617 armis
1860 573 2079 616 continuit.

485 653 595 693 Hist.
629 651 780 693 Concil.
809 651 988 691 Trident.
1010 649 1037 690 1.
1061 653 1102 699 2,
1125 664 1165 704 p.
1191 650 1285 690 179.
1352 646 1524 702 [XXXV]

544 719 600 759 Iis
620 718 691 774 qui
712 718 925 773 religionis
946 717 1071 758 caus&
1092 732 1133 758 se
1154 717 1277 757 armis
1299 714 1529 756 defendunt
1559 712 1681 753 multi
1703 727 1743 753 se
1765 710 1855 752 aliis
1876 709 1928 751 de
1949 708 2079 750 causis

484 803 567 828 non
590 786 758 843 optimis
778 786 926 827 callide
947 801 988 827 se
1009 785 1257 840 adjungunt.
1329 784 1484 826 Concil.
1514 783 1695 823 Trident.
1718 796 1756 836 p.
1779 782 1878 820 408.

1121 953 1188 994 De
1211 953 1446 994 Foeclerczcis.

545 1067 632 1108 Our
653 1068 799 1122 league
821 1065 902 1106 and
924 1064 1054 1105 union
1071 1063 1175 1105 with
1197 1063 1268 1103 the
1295 1062 1411 1103 Scots
1432 1076 1454 1102 a
1476 1061 1599 1116 thing
1621 1067 1728 1101 most
1748 1058 1978 1115 profitable‚
2001 1059 2082 1100 and

485 1134 677 1183 natumll,
701 1149 796 1175 ever
824 1134 881 1188 by
911 1132 983 1173 the
1016 1132 1128 1187 Pope
1165 1130 1318 1186 sought
1353 1137 1395 1171 to
1431 1130 1482 1170 be
1514 1128 1718 1169 hinder’d.
1783 1127 1858 1169 See
1895 1127 2082 1169 Ascam's

489 1202 763 1258 Toxophilus,
785 1202 811 1242 l.
839 1205 875 1250 1,
899 1217 937 1256 p.
963 1203 1029 1241 38.

546 1272 598 1326 by
620 1271 690 1311 the
713 1268 908 1311 Cardinal
930 1269 978 1308 of
996 1267 1208 1309 Scotland.
1273 1265 1422 1322 Speed,
1446 1281 1485 1321 p.
1509 1267 1604 1307 794.

545 1339 609 1381 De
643 1339 794 1380 foedere
827 1353 921 1379 cum
960 1335 1285 1393 protestantibus
1321 1334 1536 1390 quibusvis
1571 1349 1655 1374 non
1689 1334 1827 1374 omnia
1863 1333 2083 1389 speranda:

487 1415 533 1449 ut
577 1407 628 1448 de
668 1406 750 1446 illis
786 1406 908 1446 rebus
944 1419 1033 1459 quae
1070 1403 1122 1444 ad
1157 1403 1190 1443 F
1195 1401 1510 1457 ranciscopolim
1554 1407 1810 1442 transvecta³
1844 1410 1941 1442 sunt
1976 1416 2086 1441 com-

487 1482 646 1530 pertum
683 1481 756 1514 est.
831 1472 1031 1514 Camden.
1064 1470 1223 1512 Elizab.
1263 1473 1331 1510 82.
1392 1477 1433 1511 et
1465 1469 1615 1525 passim
1649 1485 1744 1510 cum
1774 1469 1928 1524 Anglis
1956 1476 2087 1509 astute

487 1551 626 1585 actum
649 1542 721 1598 qui
745 1541 930 1582 Henrico
952 1540 1011 1580 4t⁰
1033 1539 1242 1595 suppetias
1263 1538 1465 1588 tulerunt,
1486 1537 1679 1593 periculis
1702 1537 1894 1578 maximis
1923 1536 2090 1592 objecti,

486 1613 570 1653 huc
591 1612 691 1652 illuc
711 1610 877 1667 raptati,
901 1609 998 1650 vide
1019 1609 1093 1650 ubi
1117 1608 1311 1649 Essexius
1332 1607 1384 1648 ad
1411 1606 1723 1662 Rothomagum
1746 1614 1875 1648 castra
1895 1608 2027 1662 ponit,
2051 1614 2092 1648 et

489 1680 700 1721 Norrisius
732 1680 776 1720 in
815 1677 1048 1720 Britanni-st.
1118 1677 1233 1719 Cam.
1271 1676 1354 1727 vol,
1392 1679 1432 1726 2,
1466 1679 1538 1726 49,
1574 1679 1641 1716 50.
1706 1675 1776 1716 sed
1812 1683 1852 1716 et
1885 1675 2092 1730 prioribus

490 1749 826 1805 expeditionibus
846 1748 988 1789 videre
1011 1754 1085 1798 est,
1107 1762 1160 1787 ex
1188 1761 1269 1800 quo
1301 1761 1374 1786 rex
1407 1745 1476 1786 ille
1505 1745 1742 1800 Anglorum
1773 1744 1928 1785 auxilia
1956 1744 2090 1799 petiit.

493 1818 603 1874 apud
632 1818 824 1867 Cmnden,
846 1823 887 1857 et
908 1815 991 1856 vol.
1015 1820 1054 1864 2,
1077 1830 1118 1870 p.
1142 1817 1211 1864 61,
1237 1817 1305 1864 64,
1330 1815 1399 1862 65,
1423 1815 1492 1863 77,
1515 1816 1588 1862 89,
1614 1816 1681 1854 90.

556 1884 755 1926 Hollandi
777 1899 942 1939 operam
966 1882 1119 1938 Anglis
1140 1880 1357 1937 pulchram
1390 1888 1560 1930 navant,
1599 1879 1908 1936 pontificiorum
1944 1879 2093 1936 Hispa-

494 1968 642 1994 norum
677 1953 800 1993 classe
834 1950 1055 2007 profligat&
1089 1966 1178 2005 quae
1212 1950 1452 2004 Anglorum
1486 1948 1537 1989 ad
1570 1964 1632 1990 res
1666 1949 1891 1990 turbandas
1923 1956 2010 1990 erat
2041 1949 2092 1990 ab

496 2022 664 2064 Albano
699 2021 913 2062 instructa.
982 2019 1163 2061 Ccmzclen
1199 2017 1303 2058 Eliz.
1335 2033 1374 2073 p.
1408 2021 1502 2057 232.
1571 2017 1889 2058 Arausionensis
1925 2017 2095 2059 consilia

496 2089 672 2132 ,Ioannis
703 2088 917 2129 Austriaci
953 2087 1004 2128 de
1039 2086 1279 2127 invadendzi
1309 2085 1472 2142 Angli-51
1503 2085 1662 2140 detegit
1696 2084 1961 2134 Elizabethae,
2005 2100 2094 2140 quae

496 2159 570 2200 vix
592 2159 690 2198 dum
714 2156 872 2212 aliquid
893 2156 944 2197 de
966 2155 1067 2196 istslc
1089 2170 1132 2195 re
1157 2160 1425 2209 presenserat.
1493 2152 1605 2194 Cam.
1635 2153 1738 2194 Eliz.
1763 2155 1859 2194 267.
1921 2152 2033 2194 Vide
2055 2163 2096 2194 et

505 2229 681 2271 Camden
704 2243 743 2282 p.
769 2228 868 2276 274,
894 2225 1054 2266 Elizab.

559 2296 637 2337 Ed.
660 2298 683 2336 6
707 2295 794 2336 aids
815 2294 885 2335 the
907 2299 1154 2349 protestants
1176 2291 1341 2332 abroad.
1403 2291 1628 2346 lIaJswaml.
1653 2290 1730 2331 Ed.
1757 2293 1796 2341 6,
1820 2306 1859 2346 p,
1887 2293 1979 2331 115.

565 2364 645 2406 Che
666 2365 841 2419 sipossa
862 2364 996 2419 fidere
1020 2363 1098 2416 pin,
1128 2360 1254 2401 (Ῑίιηα
1283 2360 1617 2415 Confi>det·(1tione
1637 2375 1658 2399 ο
1681 2359 1768 2413 lega
1782 2360 1897 2414 faita
1919 2374 1989 2399 con
2014 2374 2097 2398 unct

501 2435 636 2490 repub.
671 2434 737 2475 elie
773 2434 817 2474 cli
851 2432 985 2486 quella
1012 2431 1126 2486 faita
1163 2445 1233 2470 eon
1272 2444 1325 2469 me
1363 2429 1549 2483 primm
1589 2429 1786 2469 dimostra
1821 2426 2099 2468 Maechz'avell.

502 2505 664 2544 discors.
691 2502 716 2542 l.
741 2507 779 2555 1,
797 2517 828 2542 c.
852 2501 920 2541 59.

855 2659 866 2671 ¹¹
893 2653 977 2684 This
994 2653 1082 2683 word
1102 2651 1129 2681 is
1145 2650 1310 2681 doubtful.
1360 2651 1386 2680 lt
1406 2660 1482 2690 may
1501 2650 1538 2680 be
1556 2651 1750 2679 iransnvfa.
