<?xml version="1.0" encoding="UTF-8"?>
<!DOCTYPE html PUBLIC "-//W3C//DTD XHTML 1.0 Transitional//EN"
    "http://www.w3.org/TR/xhtml1/DTD/xhtml1-transitional.dtd">
<html xmlns="http://www.w3.org/1999/xhtml" xml:lang="en" lang="en">
 <head>
  <title>
</title>
<meta http-equiv="Content-Type" content="text/html;charset=utf-8" />
  <meta name='ocr-system' content='tesseract 3.04.00' />
  <meta name='ocr-capabilities' content='ocr_page ocr_carea ocr_par ocr_line ocrx_word'/>
</head>
<body>
  <div class='ocr_page' id='page_1' title='image "./placebooko00miltcommonrich_0089.png"; bbox 0 0 2437 3149; ppageno 0'>
   <div class='ocr_carea' id='block_1_1' title="bbox 868 282 1880 330">
    <p class='ocr_par' dir='ltr' id='par_1_1' title="bbox 868 282 1880 330">
     <span class='ocr_line' id='line_1_1' title="bbox 868 282 1880 330; baseline -0.011 0"><span class='ocrx_word' id='word_1_1' title='bbox 868 297 1302 330; x_wconf 64' lang='lat' dir='ltr'>onsonnrnnron.</span> <span class='ocrx_word' id='word_1_2' title='bbox 1827 282 1880 320; x_wconf 83' lang='lat'>55</span> 
     </span>
    </p>
   </div>
   <div class='ocr_carea' id='block_1_2' title="bbox 380 489 1767 540">
    <p class='ocr_par' dir='ltr' id='par_1_2' title="bbox 380 489 1767 540">
     <span class='ocr_line' id='line_1_2' title="bbox 380 489 1767 540; baseline -0.008 0"><span class='ocrx_word' id='word_1_3' title='bbox 380 499 449 540; x_wconf 88' lang='lat' dir='ltr'>De</span> <span class='ocrx_word' id='word_1_4' title='bbox 471 497 689 540; x_wconf 72' lang='lat' dir='ltr'>Seclitione.</span> <span class='ocrx_word' id='word_1_5' title='bbox 762 498 862 539; x_wconf 70' lang='lat' dir='ltr'>Viae</span> <span class='ocrx_word' id='word_1_6' title='bbox 882 497 1161 539; x_wconf 65' lang='lat' dir='ltr'>Idololatriaa</span> <span class='ocrx_word' id='word_1_7' title='bbox 1181 503 1218 536; x_wconf 80' lang='lat' dir='ltr'>et</span> <span class='ocrx_word' id='word_1_8' title='bbox 1238 493 1421 536; x_wconf 77' lang='lat' dir='ltr'><em>Ecclesia</em></span> <span class='ocrx_word' id='word_1_9' title='bbox 1434 499 1450 516; x_wconf 50' lang='grc' dir='ltr'><strong><em>ἢ</em></strong></span> <span class='ocrx_word' id='word_1_10' title='bbox 1471 499 1508 533; x_wconf 82' lang='lat' dir='ltr'>et</span> <span class='ocrx_word' id='word_1_11' title='bbox 1527 491 1629 532; x_wconf 84' lang='lat' dir='ltr'>bello</span> <span class='ocrx_word' id='word_1_12' title='bbox 1650 489 1767 532; x_wconf 69' lang='lat' dir='ltr'>civili.</span> 
     </span>
    </p>
   </div>
   <div class='ocr_carea' id='block_1_3' title="bbox 352 579 1884 645">
    <p class='ocr_par' dir='ltr' id='par_1_3' title="bbox 352 579 1884 645">
     <span class='ocr_line' id='line_1_3' title="bbox 352 579 1884 645; baseline -0.009 -13"><span class='ocrx_word' id='word_1_13' title='bbox 352 589 506 631; x_wconf 78' lang='lat' dir='ltr'>Contra</span> <span class='ocrx_word' id='word_1_14' title='bbox 539 605 607 631; x_wconf 87' lang='lat' dir='ltr'>eos</span> <span class='ocrx_word' id='word_1_15' title='bbox 639 589 711 645; x_wconf 90' lang='lat' dir='ltr'>qui</span> <span class='ocrx_word' id='word_1_16' title='bbox 743 605 831 630; x_wconf 91' lang='lat' dir='ltr'>rem</span> <span class='ocrx_word' id='word_1_17' title='bbox 867 587 1150 643; x_wconf 85' lang='lat' dir='ltr'>evangelicam</span> <span class='ocrx_word' id='word_1_18' title='bbox 1187 600 1260 641; x_wconf 82' lang='lat' dir='ltr'>per</span> <span class='ocrx_word' id='word_1_19' title='bbox 1295 583 1540 626; x_wconf 80' lang='lat' dir='ltr'>seditionem</span> <span class='ocrx_word' id='word_1_20' title='bbox 1574 589 1615 623; x_wconf 92' lang='lat' dir='ltr'>et</span> <span class='ocrx_word' id='word_1_21' title='bbox 1655 579 1884 622; x_wconf 88' lang='lat' dir='ltr'>tumultum</span> 
     </span>
    </p>
   </div>
   <div class='ocr_carea' id='block_1_4' title="bbox 291 650 1883 768">
    <p class='ocr_par' dir='ltr' id='par_1_4' title="bbox 291 650 1883 768">
     <span class='ocr_line' id='line_1_4' title="bbox 291 650 1883 715; baseline -0.008 -15"><span class='ocrx_word' id='word_1_22' title='bbox 291 673 536 713; x_wconf 77' lang='lat' dir='ltr'>promovere</span> <span class='ocrx_word' id='word_1_23' title='bbox 571 657 886 715; x_wconf 84' lang='lat' dir='ltr'>aggrediuntur,</span> <span class='ocrx_word' id='word_1_24' title='bbox 924 655 1096 712; x_wconf 65' lang='lat' dir='ltr'>pulchre</span> <span class='ocrx_word' id='word_1_25' title='bbox 1132 654 1340 695; x_wconf 88' lang='lat' dir='ltr'>Lutherus</span> <span class='ocrx_word' id='word_1_26' title='bbox 1373 651 1482 708; x_wconf 88' lang='lat' dir='ltr'>apud</span> <span class='ocrx_word' id='word_1_27' title='bbox 1522 651 1704 699; x_wconf 73' lang='lat' dir='ltr'>Sleiclan,</span> <span class='ocrx_word' id='word_1_28' title='bbox 1740 663 1778 704; x_wconf 91' lang='lat' dir='ltr'>p.</span> <span class='ocrx_word' id='word_1_29' title='bbox 1815 650 1883 696; x_wconf 89' lang='lat'>69,</span> 
     </span>
     <span class='ocr_line' id='line_1_5' title="bbox 294 726 384 768; baseline 0 -2"><span class='ocrx_word' id='word_1_30' title='bbox 294 726 320 768; x_wconf 94' lang='lat' dir='ltr'>l.</span> <span class='ocrx_word' id='word_1_31' title='bbox 345 729 384 767; x_wconf 93' lang='grc'>5.</span> 
     </span>
    </p>
   </div>
   <div class='ocr_carea' id='block_1_5' title="bbox 290 781 1899 1731">
    <p class='ocr_par' dir='ltr' id='par_1_5' title="bbox 293 781 1889 1120">
     <span class='ocr_line' id='line_1_6' title="bbox 352 781 1887 842; baseline -0.008 -8"><span class='ocrx_word' id='word_1_32' title='bbox 352 793 507 834; x_wconf 79' lang='lat' dir='ltr'>Contra</span> <span class='ocrx_word' id='word_1_33' title='bbox 537 808 702 833; x_wconf 89' lang='lat' dir='ltr'>omnem</span> <span class='ocrx_word' id='word_1_34' title='bbox 731 791 975 832; x_wconf 80' lang='lat' dir='ltr'>seditionem</span> <span class='ocrx_word' id='word_1_35' title='bbox 1004 789 1259 831; x_wconf 68' lang='lat' dir='ltr'>sanctissime</span> <span class='ocrx_word' id='word_1_36' title='bbox 1291 796 1332 829; x_wconf 90' lang='lat' dir='ltr'>et</span> <span class='ocrx_word' id='word_1_37' title='bbox 1364 785 1684 842; x_wconf 63' lang='lat' dir='ltr'>prudentissime</span> <span class='ocrx_word' id='word_1_38' title='bbox 1718 792 1806 824; x_wconf 87' lang='lat' dir='ltr'>tum</span> <span class='ocrx_word' id='word_1_39' title='bbox 1835 781 1887 823; x_wconf 87' lang='lat' dir='ltr'>ad</span> 
     </span>
     <span class='ocr_line' id='line_1_7' title="bbox 293 850 1888 918; baseline -0.008 -15"><span class='ocrx_word' id='word_1_40' title='bbox 293 861 455 918; x_wconf 84' lang='lat' dir='ltr'>plebem</span> <span class='ocrx_word' id='word_1_41' title='bbox 489 868 577 901; x_wconf 91' lang='lat' dir='ltr'>tum</span> <span class='ocrx_word' id='word_1_42' title='bbox 614 860 667 900; x_wconf 85' lang='lat' dir='ltr'>ad</span> <span class='ocrx_word' id='word_1_43' title='bbox 701 859 987 914; x_wconf 86' lang='lat' dir='ltr'>magistratum</span> <span class='ocrx_word' id='word_1_44' title='bbox 1025 856 1168 898; x_wconf 86' lang='lat' dir='ltr'>scribit</span> <span class='ocrx_word' id='word_1_45' title='bbox 1202 855 1412 896; x_wconf 85' lang='lat' dir='ltr'>Lutherus</span> <span class='ocrx_word' id='word_1_46' title='bbox 1452 853 1525 894; x_wconf 90' lang='lat' dir='ltr'>ubi</span> <span class='ocrx_word' id='word_1_47' title='bbox 1562 867 1700 893; x_wconf 82' lang='lat' dir='ltr'>causas</span> <span class='ocrx_word' id='word_1_48' title='bbox 1735 850 1888 906; x_wconf 89' lang='lat' dir='ltr'>pariter</span> 
     </span>
     <span class='ocr_line' id='line_1_8' title="bbox 293 919 1887 982; baseline -0.009 -11"><span class='ocrx_word' id='word_1_49' title='bbox 293 929 507 972; x_wconf 85' lang='lat' dir='ltr'>seditionis</span> <span class='ocrx_word' id='word_1_50' title='bbox 526 928 726 979; x_wconf 83' lang='lat' dir='ltr'>recidant,</span> <span class='ocrx_word' id='word_1_51' title='bbox 748 927 811 967; x_wconf 90' lang='lat' dir='ltr'>illi</span> <span class='ocrx_word' id='word_1_52' title='bbox 832 926 1039 982; x_wconf 84' lang='lat' dir='ltr'>patienter</span> <span class='ocrx_word' id='word_1_53' title='bbox 1059 923 1318 980; x_wconf 85' lang='lat' dir='ltr'>expectando</span> <span class='ocrx_word' id='word_1_54' title='bbox 1348 930 1389 963; x_wconf 90' lang='lat' dir='ltr'>et</span> <span class='ocrx_word' id='word_1_55' title='bbox 1417 921 1580 962; x_wconf 88' lang='lat' dir='ltr'>arbitris</span> <span class='ocrx_word' id='word_1_56' title='bbox 1611 919 1771 960; x_wconf 85' lang='lat' dir='ltr'>dilectis</span> <span class='ocrx_word' id='word_1_57' title='bbox 1801 933 1887 958; x_wconf 88' lang='lat' dir='ltr'>rem</span> 
     </span>
     <span class='ocr_line' id='line_1_9' title="bbox 297 986 1889 1053; baseline -0.008 -14"><span class='ocrx_word' id='word_1_58' title='bbox 297 999 439 1053; x_wconf 75' lang='lat' dir='ltr'>pacate</span> <span class='ocrx_word' id='word_1_59' title='bbox 460 996 725 1052; x_wconf 87' lang='lat' dir='ltr'>transigendo</span> <span class='ocrx_word' id='word_1_60' title='bbox 746 994 1010 1050; x_wconf 80' lang='lat' dir='ltr'>magistratus</span> <span class='ocrx_word' id='word_1_61' title='bbox 1038 992 1271 1048; x_wconf 86' lang='lat' dir='ltr'>opprimere</span> <span class='ocrx_word' id='word_1_62' title='bbox 1296 989 1495 1045; x_wconf 85' lang='lat' dir='ltr'>expilare,</span> <span class='ocrx_word' id='word_1_63' title='bbox 1519 987 1715 1029; x_wconf 75' lang='lat' dir='ltr'>divexare</span> <span class='ocrx_word' id='word_1_64' title='bbox 1745 986 1889 1028; x_wconf 89' lang='lat' dir='ltr'>crude-</span> 
     </span>
     <span class='ocr_line' id='line_1_10' title="bbox 296 1054 1661 1120; baseline -0.008 -14"><span class='ocrx_word' id='word_1_65' title='bbox 296 1065 390 1106; x_wconf 90' lang='lat' dir='ltr'>liter</span> <span class='ocrx_word' id='word_1_66' title='bbox 410 1064 610 1120; x_wconf 87' lang='lat' dir='ltr'>populum</span> <span class='ocrx_word' id='word_1_67' title='bbox 634 1062 800 1104; x_wconf 86' lang='lat' dir='ltr'>tandem</span> <span class='ocrx_word' id='word_1_68' title='bbox 825 1061 858 1102; x_wconf 92' lang='lat' dir='ltr'>si</span> <span class='ocrx_word' id='word_1_69' title='bbox 880 1060 1051 1101; x_wconf 87' lang='lat' dir='ltr'>desinat.</span> <span class='ocrx_word' id='word_1_70' title='bbox 1114 1059 1296 1108; x_wconf 74' lang='lat' dir='ltr'>Slez&#39;clan,</span> <span class='ocrx_word' id='word_1_71' title='bbox 1319 1058 1346 1098; x_wconf 91' lang='lat' dir='ltr'>l.</span> <span class='ocrx_word' id='word_1_72' title='bbox 1369 1061 1410 1106; x_wconf 90' lang='lat'>5,</span> <span class='ocrx_word' id='word_1_73' title='bbox 1432 1072 1473 1111; x_wconf 88' lang='lat' dir='ltr'>p.</span> <span class='ocrx_word' id='word_1_74' title='bbox 1496 1058 1564 1104; x_wconf 89' lang='grc'>71,</span> <span class='ocrx_word' id='word_1_75' title='bbox 1588 1054 1661 1096; x_wconf 65' lang='lat' dir='ltr'>&amp;o</span> 
     </span>
    </p>

    <p class='ocr_par' dir='ltr' id='par_1_6' title="bbox 298 1119 1892 1318">
     <span class='ocr_line' id='line_1_11' title="bbox 357 1119 1892 1187; baseline -0.01 -13"><span class='ocrx_word' id='word_1_76' title='bbox 357 1132 488 1174; x_wconf 83' lang='lat' dir='ltr'>Caesar</span> <span class='ocrx_word' id='word_1_77' title='bbox 521 1129 838 1187; x_wconf 86' lang='lat' dir='ltr'>protestantium</span> <span class='ocrx_word' id='word_1_78' title='bbox 871 1142 1056 1184; x_wconf 85' lang='lat' dir='ltr'>proceres</span> <span class='ocrx_word' id='word_1_79' title='bbox 1096 1142 1137 1167; x_wconf 93' lang='lat' dir='ltr'>se</span> <span class='ocrx_word' id='word_1_80' title='bbox 1178 1124 1444 1167; x_wconf 89' lang='lat' dir='ltr'>defendentes</span> <span class='ocrx_word' id='word_1_81' title='bbox 1475 1122 1618 1163; x_wconf 89' lang='lat' dir='ltr'>multis</span> <span class='ocrx_word' id='word_1_82' title='bbox 1651 1119 1892 1162; x_wconf 90' lang='lat' dir='ltr'>criminibus</span> 
     </span>
     <span class='ocr_line' id='line_1_12' title="bbox 299 1188 1891 1251; baseline -0.009 -9"><span class='ocrx_word' id='word_1_83' title='bbox 299 1209 455 1251; x_wconf 85' lang='lat' dir='ltr'>onerat,</span> <span class='ocrx_word' id='word_1_84' title='bbox 490 1198 714 1241; x_wconf 87' lang='lat' dir='ltr'>rebellione</span> <span class='ocrx_word' id='word_1_85' title='bbox 750 1197 849 1248; x_wconf 91' lang='lat' dir='ltr'>scil.,</span> <span class='ocrx_word' id='word_1_86' title='bbox 887 1206 928 1237; x_wconf 89' lang='lat' dir='ltr'>et</span> <span class='ocrx_word' id='word_1_87' title='bbox 963 1195 1228 1251; x_wconf 83' lang='lat' dir='ltr'>magistratus</span> <span class='ocrx_word' id='word_1_88' title='bbox 1263 1200 1520 1247; x_wconf 88' lang='lat' dir='ltr'>contemptu,</span> <span class='ocrx_word' id='word_1_89' title='bbox 1559 1190 1634 1231; x_wconf 65' lang='lat' dir='ltr'>Sec.</span> <span class='ocrx_word' id='word_1_90' title='bbox 1708 1188 1891 1236; x_wconf 76' lang='lat' dir='ltr'>Sleiclan,</span> 
     </span>
     <span class='ocr_line' id='line_1_13' title="bbox 298 1260 1355 1318; baseline -0.009 -8"><span class='ocrx_word' id='word_1_91' title='bbox 298 1269 325 1310; x_wconf 92' lang='lat' dir='ltr'>l.</span> <span class='ocrx_word' id='word_1_92' title='bbox 353 1270 417 1311; x_wconf 88' lang='grc'>17.</span> <span class='ocrx_word' id='word_1_93' title='bbox 480 1271 578 1318; x_wconf 82' lang='lat'>292,</span> <span class='ocrx_word' id='word_1_94' title='bbox 603 1270 700 1315; x_wconf 83' lang='lat'>293,</span> <span class='ocrx_word' id='word_1_95' title='bbox 724 1266 797 1306; x_wconf 63' lang='grc' dir='ltr'>ὥσ.</span> <span class='ocrx_word' id='word_1_96' title='bbox 818 1272 866 1306; x_wconf 91' lang='lat' dir='ltr'>ut</span> <span class='ocrx_word' id='word_1_97' title='bbox 886 1264 1011 1305; x_wconf 87' lang='lat' dir='ltr'>hodie</span> <span class='ocrx_word' id='word_1_98' title='bbox 1034 1262 1092 1304; x_wconf 88' lang='lat' dir='ltr'>fit.</span> <span class='ocrx_word' id='word_1_99' title='bbox 1163 1260 1355 1316; x_wconf 58' lang='lat' dir='ltr'>[xxxvi]</span> 
     </span>
    </p>

    <p class='ocr_par' dir='ltr' id='par_1_7' title="bbox 290 1326 1899 1731">
     <span class='ocr_line' id='line_1_14' title="bbox 355 1326 1895 1393; baseline -0.008 -15"><span class='ocrx_word' id='word_1_100' title='bbox 355 1337 514 1393; x_wconf 80' lang='lat' dir='ltr'>Populi</span> <span class='ocrx_word' id='word_1_101' title='bbox 534 1335 730 1376; x_wconf 75' lang='lat' dir='ltr'>tumultus</span> <span class='ocrx_word' id='word_1_102' title='bbox 763 1333 958 1375; x_wconf 70' lang='lat' dir='ltr'>libertatis</span> <span class='ocrx_word' id='word_1_103' title='bbox 990 1331 1278 1387; x_wconf 63' lang='lat' dir='ltr'>recuperandae</span> <span class='ocrx_word' id='word_1_104' title='bbox 1309 1329 1461 1370; x_wconf 76' lang='lat' dir='ltr'>occasio</span> <span class='ocrx_word' id='word_1_105' title='bbox 1483 1341 1586 1382; x_wconf 78' lang='lat' dir='ltr'>soepe</span> <span class='ocrx_word' id='word_1_106' title='bbox 1604 1326 1710 1381; x_wconf 75' lang='lat' dir='ltr'>fuit,</span> <span class='ocrx_word' id='word_1_107' title='bbox 1732 1326 1895 1378; x_wconf 75' lang='lat' dir='ltr'>ideoque</span> 
     </span>
     <span class='ocr_line' id='line_1_15' title="bbox 300 1393 1896 1460; baseline -0.009 -14"><span class='ocrx_word' id='word_1_108' title='bbox 300 1420 369 1446; x_wconf 80' lang='lat' dir='ltr'>nec</span> <span class='ocrx_word' id='word_1_109' title='bbox 408 1403 738 1460; x_wconf 69' lang='lat' dir='ltr'>reprehendendi,</span> <span class='ocrx_word' id='word_1_110' title='bbox 777 1402 874 1457; x_wconf 77' lang='lat' dir='ltr'>quia</span> <span class='ocrx_word' id='word_1_111' title='bbox 906 1401 1044 1455; x_wconf 75' lang='lat' dir='ltr'>justas</span> <span class='ocrx_word' id='word_1_112' title='bbox 1085 1399 1130 1439; x_wconf 73' lang='lat' dir='ltr'>ol)</span> <span class='ocrx_word' id='word_1_113' title='bbox 1171 1413 1312 1439; x_wconf 80' lang='lat' dir='ltr'>causas</span> <span class='ocrx_word' id='word_1_114' title='bbox 1348 1404 1384 1437; x_wconf 71' lang='lat' dir='ltr'>et</span> <span class='ocrx_word' id='word_1_115' title='bbox 1424 1394 1618 1451; x_wconf 70' lang='lat' dir='ltr'>quaerelas</span> <span class='ocrx_word' id='word_1_116' title='bbox 1650 1393 1896 1449; x_wconf 70' lang='lat' dir='ltr'>plaerunqne</span> 
     </span>
     <span class='ocr_line' id='line_1_16' title="bbox 290 1461 1897 1531; baseline -0.009 -17"><span class='ocrx_word' id='word_1_117' title='bbox 290 1475 419 1531; x_wconf 76' lang='lat' dir='ltr'>fiunt.</span> <span class='ocrx_word' id='word_1_118' title='bbox 444 1479 535 1514; x_wconf 77' lang='lat' dir='ltr'>teste</span> <span class='ocrx_word' id='word_1_119' title='bbox 555 1469 837 1511; x_wconf 65' lang='lat' dir='ltr'>Machiawllo.</span> <span class='ocrx_word' id='word_1_120' title='bbox 898 1468 947 1508; x_wconf 91' lang='lat' dir='ltr'>Io</span> <span class='ocrx_word' id='word_1_121' title='bbox 970 1468 1058 1508; x_wconf 75' lang='lat' dir='ltr'>(lico</span> <span class='ocrx_word' id='word_1_122' title='bbox 1079 1467 1145 1507; x_wconf 75' lang='lat' dir='ltr'>che</span> <span class='ocrx_word' id='word_1_123' title='bbox 1160 1465 1291 1507; x_wconf 76' lang='lat' dir='ltr'>coloro</span> <span class='ocrx_word' id='word_1_124' title='bbox 1314 1464 1380 1505; x_wconf 78' lang='lat' dir='ltr'>che</span> <span class='ocrx_word' id='word_1_125' title='bbox 1397 1466 1587 1504; x_wconf 75' lang='lat' dir='ltr'>(lannono</span> <span class='ocrx_word' id='word_1_126' title='bbox 1610 1463 1624 1502; x_wconf 75' lang='lat' dir='ltr'>z·</span> <span class='ocrx_word' id='word_1_127' title='bbox 1646 1461 1810 1502; x_wconf 70' lang='lat' dir='ltr'>tumulti</span> <span class='ocrx_word' id='word_1_128' title='bbox 1833 1468 1897 1499; x_wconf 75' lang='lat' dir='ltr'>tra</span> 
     </span>
     <span class='ocr_line' id='line_1_17' title="bbox 300 1529 1897 1593; baseline -0.009 -11"><span class='ocrx_word' id='word_1_129' title='bbox 300 1543 318 1582; x_wconf 71' lang='lat' dir='ltr'><em>i</em></span> <span class='ocrx_word' id='word_1_130' title='bbox 338 1541 458 1582; x_wconf 75' lang='lat' dir='ltr'>nobili</span> <span class='ocrx_word' id='word_1_131' title='bbox 479 1547 516 1581; x_wconf 72' lang='lat' dir='ltr'>et</span> <span class='ocrx_word' id='word_1_132' title='bbox 538 1539 578 1580; x_wconf 89' lang='lat' dir='ltr'>la</span> <span class='ocrx_word' id='word_1_133' title='bbox 602 1538 730 1593; x_wconf 77' lang='lat' dir='ltr'>plebe,</span> <span class='ocrx_word' id='word_1_134' title='bbox 754 1538 811 1577; x_wconf 78' lang='lat' dir='ltr'>mi</span> <span class='ocrx_word' id='word_1_135' title='bbox 824 1552 910 1592; x_wconf 79' lang='lat' dir='ltr'>par</span> <span class='ocrx_word' id='word_1_136' title='bbox 931 1535 998 1576; x_wconf 77' lang='lat' dir='ltr'>elze</span> <span class='ocrx_word' id='word_1_137' title='bbox 1020 1535 1233 1575; x_wconf 78' lang='lat' dir='ltr'>bz&#39;asimino</span> <span class='ocrx_word' id='word_1_138' title='bbox 1256 1532 1383 1588; x_wconf 74' lang='lat' dir='ltr'>quelle</span> <span class='ocrx_word' id='word_1_139' title='bbox 1404 1546 1487 1572; x_wconf 85' lang='lat' dir='ltr'>cose</span> <span class='ocrx_word' id='word_1_140' title='bbox 1508 1531 1574 1571; x_wconf 74' lang='lat' dir='ltr'>che</span> <span class='ocrx_word' id='word_1_141' title='bbox 1586 1530 1740 1585; x_wconf 70' lang='lat' dir='ltr'>furono</span> <span class='ocrx_word' id='word_1_142' title='bbox 1757 1529 1897 1582; x_wconf 75' lang='lat' dir='ltr'>prima</span> 
     </span>
     <span class='ocr_line' id='line_1_18' title="bbox 304 1596 1899 1664; baseline -0.009 -14"><span class='ocrx_word' id='word_1_143' title='bbox 304 1611 464 1664; x_wconf 66' lang='lat' dir='ltr'>cayz&#39;one</span> <span class='ocrx_word' id='word_1_144' title='bbox 493 1609 537 1648; x_wconf 81' lang='lat' dir='ltr'>cli</span> <span class='ocrx_word' id='word_1_145' title='bbox 567 1615 697 1648; x_wconf 74' lang='lat' dir='ltr'>tenere</span> <span class='ocrx_word' id='word_1_146' title='bbox 722 1606 849 1646; x_wconf 74' lang='lat' dir='ltr'>libera</span> <span class='ocrx_word' id='word_1_147' title='bbox 869 1605 1004 1646; x_wconf 78' lang='lat' dir='ltr'>Roma</span> <span class='ocrx_word' id='word_1_148' title='bbox 1017 1603 1166 1658; x_wconf 75' lang='lat' dir='ltr'>perche</span> <span class='ocrx_word' id='word_1_149' title='bbox 1189 1602 1315 1642; x_wconf 74' lang='lat' dir='ltr'>huone</span> <span class='ocrx_word' id='word_1_150' title='bbox 1347 1600 1453 1654; x_wconf 65' lang='lat' dir='ltr'>leygyi</span> <span class='ocrx_word' id='word_1_151' title='bbox 1482 1613 1701 1639; x_wconf 70' lang='lat' dir='ltr'>nascevano</span> <span class='ocrx_word' id='word_1_152' title='bbox 1734 1597 1787 1637; x_wconf 81' lang='lat' dir='ltr'>da</span> <span class='ocrx_word' id='word_1_153' title='bbox 1808 1596 1899 1651; x_wconf 78' lang='lat' dir='ltr'>quei</span> 
     </span>
     <span class='ocr_line' id='line_1_19' title="bbox 304 1673 1031 1731; baseline -0.012 -11"><span class='ocrx_word' id='word_1_154' title='bbox 304 1677 482 1731; x_wconf 65' lang='lat' dir='ltr'>tzmzulti,</span> <span class='ocrx_word' id='word_1_155' title='bbox 508 1677 604 1729; x_wconf 64' lang='lat' dir='ltr'>(Sc..-</span> <span class='ocrx_word' id='word_1_156' title='bbox 637 1676 800 1716; x_wconf 76' lang='lat' dir='ltr'>cliscors.</span> <span class='ocrx_word' id='word_1_157' title='bbox 825 1673 851 1713; x_wconf 91' lang='lat' dir='ltr'>l.</span> <span class='ocrx_word' id='word_1_158' title='bbox 879 1675 915 1726; x_wconf 91' lang='lat' dir='ltr'>l,</span> <span class='ocrx_word' id='word_1_159' title='bbox 939 1687 968 1713; x_wconf 83' lang='lat' dir='ltr'>c.</span> <span class='ocrx_word' id='word_1_160' title='bbox 991 1673 1031 1712; x_wconf 88' lang='lat'>4.</span> 
     </span>
    </p>
   </div>
   <div class='ocr_carea' id='block_1_6' title="bbox 775 1817 1437 1862">
    <p class='ocr_par' dir='ltr' id='par_1_8' title="bbox 775 1817 1437 1862">
     <span class='ocr_line' id='line_1_20' title="bbox 775 1817 1437 1862; baseline -0.011 0"><span class='ocrx_word' id='word_1_161' title='bbox 775 1822 842 1862; x_wconf 85' lang='lat' dir='ltr'>De</span> <span class='ocrx_word' id='word_1_162' title='bbox 866 1821 959 1861; x_wconf 70' lang='lat' dir='ltr'>urbe</span> <span class='ocrx_word' id='word_1_163' title='bbox 981 1819 1198 1861; x_wconf 73' lang='lat' dir='ltr'>obsidenda</span> <span class='ocrx_word' id='word_1_164' title='bbox 1220 1825 1253 1859; x_wconf 72' lang='lat' dir='ltr'>et</span> <span class='ocrx_word' id='word_1_165' title='bbox 1276 1817 1437 1858; x_wconf 69' lang='lat' dir='ltr'>obsessa.</span> 
     </span>
    </p>
   </div>
   <div class='ocr_carea' id='block_1_7' title="bbox 304 1900 1900 2040">
    <p class='ocr_par' dir='ltr' id='par_1_9' title="bbox 304 1900 1900 2040">
     <span class='ocr_line' id='line_1_21' title="bbox 365 1900 1900 1967; baseline -0.01 -12"><span class='ocrx_word' id='word_1_166' title='bbox 365 1916 456 1967; x_wconf 83' lang='lat' dir='ltr'>Quo</span> <span class='ocrx_word' id='word_1_167' title='bbox 490 1912 612 1954; x_wconf 89' lang='lat' dir='ltr'>modo</span> <span class='ocrx_word' id='word_1_168' title='bbox 647 1910 856 1951; x_wconf 87' lang='lat' dir='ltr'>Hicardus</span> <span class='ocrx_word' id='word_1_169' title='bbox 890 1908 1077 1950; x_wconf 83' lang='lat' dir='ltr'>Brixiam</span> <span class='ocrx_word' id='word_1_170' title='bbox 1119 1906 1303 1962; x_wconf 89' lang='lat' dir='ltr'>undique</span> <span class='ocrx_word' id='word_1_171' title='bbox 1344 1911 1627 1960; x_wconf 81' lang='lat' dir='ltr'>oppugnatam</span> <span class='ocrx_word' id='word_1_172' title='bbox 1668 1900 1900 1943; x_wconf 87' lang='lat' dir='ltr'>defenderit</span> 
     </span>
     <span class='ocr_line' id='line_1_22' title="bbox 304 1967 1859 2040; baseline -0.008 -17"><span class='ocrx_word' id='word_1_173' title='bbox 304 1982 443 2040; x_wconf 85' lang='lat' dir='ltr'>paucis</span> <span class='ocrx_word' id='word_1_174' title='bbox 465 1980 666 2032; x_wconf 84' lang='lat' dir='ltr'>militibus</span> <span class='ocrx_word' id='word_1_175' title='bbox 687 1984 829 2018; x_wconf 86' lang='lat' dir='ltr'>contra</span> <span class='ocrx_word' id='word_1_176' title='bbox 851 1977 954 2017; x_wconf 82' lang='lat' dir='ltr'>duos</span> <span class='ocrx_word' id='word_1_177' title='bbox 974 1975 1192 2025; x_wconf 84' lang='lat' dir='ltr'>exercitus,</span> <span class='ocrx_word' id='word_1_178' title='bbox 1213 1974 1310 2015; x_wconf 88' lang='lat' dir='ltr'>vide</span> <span class='ocrx_word' id='word_1_179' title='bbox 1333 1973 1513 2022; x_wconf 68' lang='lat' dir='ltr'>Jovium,</span> <span class='ocrx_word' id='word_1_180' title='bbox 1536 1971 1564 2012; x_wconf 95' lang='lat' dir='ltr'>l.</span> <span class='ocrx_word' id='word_1_181' title='bbox 1590 1974 1655 2020; x_wconf 89' lang='grc'>18,</span> <span class='ocrx_word' id='word_1_182' title='bbox 1679 1986 1718 2025; x_wconf 91' lang='lat' dir='ltr'>p.</span> <span class='ocrx_word' id='word_1_183' title='bbox 1743 1967 1859 2010; x_wconf 79' lang='lat'>349.¹’</span> 
     </span>
    </p>
   </div>
   <div class='ocr_carea' id='block_1_8' title="bbox 308 2037 1900 2164">
    <p class='ocr_par' dir='ltr' id='par_1_10' title="bbox 308 2037 1900 2164">
     <span class='ocr_line' id='line_1_23' title="bbox 367 2037 1900 2102; baseline -0.01 -11"><span class='ocrx_word' id='word_1_184' title='bbox 367 2051 457 2102; x_wconf 86' lang='lat' dir='ltr'>Quo</span> <span class='ocrx_word' id='word_1_185' title='bbox 490 2048 613 2090; x_wconf 86' lang='lat' dir='ltr'>modo</span> <span class='ocrx_word' id='word_1_186' title='bbox 651 2046 858 2088; x_wconf 86' lang='lat' dir='ltr'>Veronam</span> <span class='ocrx_word' id='word_1_187' title='bbox 893 2045 952 2086; x_wconf 84' lang='lat' dir='ltr'>M.</span> <span class='ocrx_word' id='word_1_188' title='bbox 988 2043 1202 2084; x_wconf 89' lang='lat' dir='ltr'>Antonius</span> <span class='ocrx_word' id='word_1_189' title='bbox 1237 2042 1443 2083; x_wconf 80' lang='lat' dir='ltr'>Columna</span> <span class='ocrx_word' id='word_1_190' title='bbox 1474 2039 1668 2081; x_wconf 86' lang='lat' dir='ltr'>adversus</span> <span class='ocrx_word' id='word_1_191' title='bbox 1691 2037 1829 2079; x_wconf 85' lang='lat' dir='ltr'>Gallos</span> <span class='ocrx_word' id='word_1_192' title='bbox 1859 2043 1900 2077; x_wconf 81' lang='lat' dir='ltr'>et</span> 
     </span>
     <span class='ocr_line' id='line_1_24' title="bbox 308 2108 1473 2164; baseline -0.011 -3"><span class='ocrx_word' id='word_1_193' title='bbox 308 2119 493 2161; x_wconf 90' lang='lat' dir='ltr'>Venetos</span> <span class='ocrx_word' id='word_1_194' title='bbox 514 2114 758 2164; x_wconf 84' lang='lat' dir='ltr'>defenderit,</span> <span class='ocrx_word' id='word_1_195' title='bbox 781 2113 878 2154; x_wconf 87' lang='lat' dir='ltr'>vide</span> <span class='ocrx_word' id='word_1_196' title='bbox 899 2113 1066 2154; x_wconf 63' lang='grc' dir='ltr'>ιῙουὶῑιφη</span> <span class='ocrx_word' id='word_1_197' title='bbox 1087 2111 1159 2152; x_wconf 89' lang='lat' dir='ltr'>lib.</span> <span class='ocrx_word' id='word_1_198' title='bbox 1188 2113 1253 2158; x_wconf 86' lang='lat'>18,</span> <span class='ocrx_word' id='word_1_199' title='bbox 1277 2110 1376 2158; x_wconf 86' lang='lat'>397,</span> <span class='ocrx_word' id='word_1_200' title='bbox 1400 2108 1473 2148; x_wconf 64' lang='lat'>850.</span> 
     </span>
    </p>
   </div>
   <div class='ocr_carea' id='block_1_9' title="bbox 989 2259 1231 2315">
    <p class='ocr_par' dir='ltr' id='par_1_11' title="bbox 989 2259 1231 2315">
     <span class='ocr_line' id='line_1_25' title="bbox 989 2259 1231 2315; baseline -0.012 -15"><span class='ocrx_word' id='word_1_201' title='bbox 989 2260 1029 2300; x_wconf 90' lang='lat' dir='ltr'><em>T</em></span> <span class='ocrx_word' id='word_1_202' title='bbox 1022 2259 1231 2315; x_wconf 52' lang='lat' dir='ltr'>yrann‘z&#39;es.</span> 
     </span>
    </p>
   </div>
   <div class='ocr_carea' id='block_1_10' title="bbox 311 2343 1903 2544">
    <p class='ocr_par' dir='ltr' id='par_1_12' title="bbox 311 2343 1903 2544">
     <span class='ocr_line' id='line_1_26' title="bbox 377 2343 1902 2408; baseline -0.01 -10"><span class='ocrx_word' id='word_1_203' title='bbox 377 2358 524 2399; x_wconf 66' lang='lat' dir='ltr'>Utrum</span> <span class='ocrx_word' id='word_1_204' title='bbox 540 2356 654 2396; x_wconf 74' lang='lat' dir='ltr'>liceat</span> <span class='ocrx_word' id='word_1_205' title='bbox 668 2353 693 2394; x_wconf 82' lang='grc' dir='ltr'><em>ὰ</em></span> <span class='ocrx_word' id='word_1_206' title='bbox 709 2361 882 2408; x_wconf 68' lang='lat' dir='ltr'>tyranno</span> <span class='ocrx_word' id='word_1_207' title='bbox 896 2348 1320 2406; x_wconf 74' lang='lat' dir='ltr'>(leflcere.-—Rinal‹lo</span> <span class='ocrx_word' id='word_1_208' title='bbox 1337 2347 1373 2388; x_wconf 85' lang='lat' dir='ltr'><em>C</em></span> <span class='ocrx_word' id='word_1_209' title='bbox 1373 2354 1462 2388; x_wconf 79' lang='lat' dir='ltr'>onte</span> <span class='ocrx_word' id='word_1_210' title='bbox 1476 2348 1523 2387; x_wconf 80' lang='lat' dir='ltr'>cle</span> <span class='ocrx_word' id='word_1_211' title='bbox 1540 2345 1706 2387; x_wconf 80' lang='lat' dir='ltr'>Caserta</span> <span class='ocrx_word' id='word_1_212' title='bbox 1722 2343 1902 2384; x_wconf 70' lang='lat' dir='ltr'>havendo</span> 
     </span>
     <span class='ocr_line' id='line_1_27' title="bbox 311 2411 1901 2481; baseline -0.009 -15"><span class='ocrx_word' id='word_1_213' title='bbox 311 2424 527 2481; x_wconf 76' lang='lat' dir='ltr'>Mcmfrecli</span> <span class='ocrx_word' id='word_1_214' title='bbox 547 2438 589 2464; x_wconf 75' lang='lat' dir='ltr'>re</span> <span class='ocrx_word' id='word_1_215' title='bbox 614 2423 658 2463; x_wconf 80' lang='lat' dir='ltr'>cli</span> <span class='ocrx_word' id='word_1_216' title='bbox 681 2419 844 2475; x_wconf 75' lang='lat' dir='ltr'>IVapolz&#39;</span> <span class='ocrx_word' id='word_1_217' title='bbox 868 2432 1035 2460; x_wconf 78' lang='lat' dir='ltr'>comesse</span> <span class='ocrx_word' id='word_1_218' title='bbox 1065 2416 1266 2457; x_wconf 72' lang='lat' dir='ltr'>adulterio</span> <span class='ocrx_word' id='word_1_219' title='bbox 1299 2431 1371 2456; x_wconf 79' lang='lat' dir='ltr'>con</span> <span class='ocrx_word' id='word_1_220' title='bbox 1403 2415 1444 2455; x_wconf 89' lang='lat' dir='ltr'>la</span> <span class='ocrx_word' id='word_1_221' title='bbox 1476 2413 1628 2468; x_wconf 68' lang='lat' dir='ltr'>moylia</span> <span class='ocrx_word' id='word_1_222' title='bbox 1661 2411 1727 2453; x_wconf 81' lang='lat' dir='ltr'>clel</span> <span class='ocrx_word' id='word_1_223' title='bbox 1763 2411 1901 2463; x_wconf 80' lang='lat' dir='ltr'>Conte,</span> 
     </span>
     <span class='ocr_line' id='line_1_28' title="bbox 311 2479 1903 2544; baseline -0.011 -8"><span class='ocrx_word' id='word_1_224' title='bbox 311 2493 460 2535; x_wconf 67' lang='lat' dir='ltr'>‘mando</span> <span class='ocrx_word' id='word_1_225' title='bbox 483 2492 657 2533; x_wconf 78' lang='lat' dir='ltr'>aRoma</span> <span class='ocrx_word' id='word_1_226' title='bbox 673 2489 716 2530; x_wconf 89' lang='lat' dir='ltr'>al</span> <span class='ocrx_word' id='word_1_227' title='bbox 724 2503 841 2544; x_wconf 85' lang='lat' dir='ltr'>papa</span> <span class='ocrx_word' id='word_1_228' title='bbox 856 2501 874 2527; x_wconf 86' lang='lat' dir='ltr'>e</span> <span class='ocrx_word' id='word_1_229' title='bbox 896 2486 938 2526; x_wconf 86' lang='lat' dir='ltr'>al</span> <span class='ocrx_word' id='word_1_230' title='bbox 959 2487 1021 2527; x_wconf 80' lang='lat' dir='ltr'>Re</span> <span class='ocrx_word' id='word_1_231' title='bbox 1047 2484 1170 2526; x_wconf 74' lang='lat' dir='ltr'>Carlo</span> <span class='ocrx_word' id='word_1_232' title='bbox 1192 2483 1419 2538; x_wconf 66' lang='lat' dir='ltr'>cl&#39;Anyz&#39;oia</span> <span class='ocrx_word' id='word_1_233' title='bbox 1435 2483 1502 2523; x_wconf 71' lang='lat' dir='ltr'>elce</span> <span class='ocrx_word' id='word_1_234' title='bbox 1519 2482 1726 2536; x_wconf 75' lang='lat' dir='ltr'>vifarono</span> <span class='ocrx_word' id='word_1_235' title='bbox 1743 2479 1903 2520; x_wconf 68' lang='lat' dir='ltr'>insieme</span> 
     </span>
    </p>
   </div>
   <div class='ocr_carea' id='block_1_11' title="bbox 355 2609 1422 2709">
    <p class='ocr_par' dir='ltr' id='par_1_13' title="bbox 355 2609 1422 2709">
     <span class='ocr_line' id='line_1_29' title="bbox 355 2609 1038 2648; baseline -0.016 1"><span class='ocrx_word' id='word_1_236' title='bbox 355 2621 368 2636; x_wconf 82' lang='lat'>²¹</span> <span class='ocrx_word' id='word_1_237' title='bbox 393 2616 502 2648; x_wconf 83' lang='lat' dir='ltr'>These</span> <span class='ocrx_word' id='word_1_238' title='bbox 518 2615 609 2647; x_wconf 87' lang='lat' dir='ltr'>titles</span> <span class='ocrx_word' id='word_1_239' title='bbox 625 2624 680 2645; x_wconf 86' lang='lat' dir='ltr'>are</span> <span class='ocrx_word' id='word_1_240' title='bbox 696 2616 757 2644; x_wconf 88' lang='lat' dir='ltr'>not</span> <span class='ocrx_word' id='word_1_241' title='bbox 773 2611 809 2642; x_wconf 88' lang='lat' dir='ltr'>in</span> <span class='ocrx_word' id='word_1_242' title='bbox 826 2610 881 2642; x_wconf 88' lang='lat' dir='ltr'>the</span> <span class='ocrx_word' id='word_1_243' title='bbox 899 2609 1038 2641; x_wconf 84' lang='lat' dir='ltr'>volume.</span> 
     </span>
     <span class='ocr_line' id='line_1_30' title="bbox 357 2659 1422 2709; baseline -0.011 -8"><span class='ocrx_word' id='word_1_244' title='bbox 357 2669 370 2688; x_wconf 74' lang='lat'>¹³</span> <span class='ocrx_word' id='word_1_245' title='bbox 394 2670 427 2700; x_wconf 91' lang='lat' dir='ltr'>A</span> <span class='ocrx_word' id='word_1_246' title='bbox 444 2669 602 2709; x_wconf 85' lang='lat' dir='ltr'>misprint</span> <span class='ocrx_word' id='word_1_247' title='bbox 618 2667 654 2698; x_wconf 90' lang='lat' dir='ltr'>in</span> <span class='ocrx_word' id='word_1_248' title='bbox 669 2666 725 2697; x_wconf 87' lang='lat' dir='ltr'>the</span> <span class='ocrx_word' id='word_1_249' title='bbox 743 2664 878 2706; x_wconf 83' lang='lat' dir='ltr'>printed</span> <span class='ocrx_word' id='word_1_250' title='bbox 896 2663 1042 2697; x_wconf 72' lang='lat' dir='ltr'>volume3</span> <span class='ocrx_word' id='word_1_251' title='bbox 1067 2661 1092 2691; x_wconf 78' lang='lat' dir='ltr'>it</span> <span class='ocrx_word' id='word_1_252' title='bbox 1109 2659 1227 2691; x_wconf 76' lang='lat' dir='ltr'>should</span> <span class='ocrx_word' id='word_1_253' title='bbox 1246 2660 1284 2691; x_wconf 92' lang='lat' dir='ltr'>be</span> <span class='ocrx_word' id='word_1_254' title='bbox 1301 2669 1332 2700; x_wconf 90' lang='lat' dir='ltr'>p.</span> <span class='ocrx_word' id='word_1_255' title='bbox 1351 2660 1422 2690; x_wconf 67' lang='lat'>394.</span> 
     </span>
    </p>
   </div>
   <div class='ocr_carea' id='block_1_12' title="bbox 1922 487 2004 527">
    <p class='ocr_par' dir='ltr' id='par_1_14' title="bbox 1922 487 2004 527">
     <span class='ocr_line' id='line_1_31' title="bbox 1922 487 2004 527; baseline 0 0"><span class='ocrx_word' id='word_1_256' title='bbox 1922 487 2004 527; x_wconf 80' lang='lat'>246</span> 
     </span>
    </p>
   </div>
   <div class='ocr_carea' id='block_1_13' title="bbox 1936 1810 2019 1851">
    <p class='ocr_par' dir='ltr' id='par_1_15' title="bbox 1936 1810 2019 1851">
     <span class='ocr_line' id='line_1_32' title="bbox 1936 1810 2019 1851; baseline 0 -1"><span class='ocrx_word' id='word_1_257' title='bbox 1936 1810 2019 1851; x_wconf 74' lang='lat'>247</span> 
     </span>
    </p>
   </div>
   <div class='ocr_carea' id='block_1_14' title="bbox 1939 2250 2024 2291">
    <p class='ocr_par' dir='ltr' id='par_1_16' title="bbox 1939 2250 2024 2291">
     <span class='ocr_line' id='line_1_33' title="bbox 1939 2250 2024 2291; baseline 0 0"><span class='ocrx_word' id='word_1_258' title='bbox 1939 2250 2024 2291; x_wconf 80' lang='lat'>248</span> 
     </span>
    </p>
   </div>
   <div class='ocr_carea' id='block_1_15' title="bbox 1943 2355 2087 2393">
    <p class='ocr_par' dir='ltr' id='par_1_17' title="bbox 1943 2355 2087 2393">
     <span class='ocr_line' id='line_1_34' title="bbox 1943 2355 2087 2393; baseline -0.014 -8"><span class='ocrx_word' id='word_1_259' title='bbox 1943 2355 2087 2393; x_wconf 86' lang='lat'>(21.10)</span> 
     </span>
    </p>
   </div>
  </div>
 </body>
</html>
