2437 3149
841 264 1277 294 OFJOHN·M1LTON.
1830 253 1853 290 5

320 365 549 421 Egregium
572 373 613 406 et
634 365 902 406 fortissimum
927 366 999 407 Gai
1024 366 1147 407 Marii
1175 381 1414 422 responsum
1437 364 1488 405 ad
1512 364 1744 406 Teutonem
1767 378 1859 419 pro-

263 442 481 474 vocantem
503 432 607 489 lege.
668 434 855 474 Frontin.
880 434 905 474 l.
926 438 967 483 4,
991 450 1023 474 e.
1048 436 1069 476 7

318 502 567 543 Duellorum
601 503 839 556 cmtt‘quitczs.
919 502 1139 543 Probande
1178 503 1284 557 fidei
1324 516 1458 550 causa,
1492 501 1653 555 primus
1688 500 1859 541 occurrit

263 570 507 626 Bom’facius
529 572 599 611 sub
619 571 903 611 Valentiniano
921 572 1035 612 tertio
1057 570 1215 611 militice
1237 572 1321 610 (lux
1343 571 1414 624 (μα’
1431 569 1594 610 Aetium
1609 568 1861 624 proditionis

265 640 309 680 in
329 655 368 680 se
390 647 634 694 compertum
665 639 870 693 sz'nqulari
900 640 1115 680 certamine
1125 640 1232 695 fidei
1251 653 1333 679 suae
1358 639 1568 693 probcmde
1595 637 1734 691 qratia
1762 650 1861 691 pro-

265 708 430 757 vocavit,
453 708 735 761 commissoque
756 706 943 747 Placidie
959 708 1162 761 permissu
1176 706 1354 760 p[r]elz'o
1376 706 1591 760 superavit.
1656 703 1794 758 Siyon.
1815 704 1863 744 cle

264 776 361 830 imp.
384 775 504 816 occid.
530 775 555 814 l.
584 778 648 824 12,
672 790 713 829 p.
737 777 836 823 203,
859 790 925 815 an.
950 777 1055 815 (lom.
1078 778 1176 815 432.

951 888 1019 929 De
1041 896 1178 929 morte.

321 979 497 1020 ,Mortem
519 994 599 1020 esse
609 980 742 1035 finem
763 994 1053 1019 cerumnmffum.
1124 978 1439 1033 Theophrastus.

328 1046 508 1098 Quietem
548 1046 783 1099 infelicium.
827 1046 978 1087 Caesar.
1061 1045 1120 1086 Et
1162 1053 1300 1086 neuter
1340 1060 1478 1086 eorum
1518 1044 1863 1085 immortalitatem

266 1115 412 1155 cmimce
435 1115 606 1169 aynorit.
671 1115 827 1167 Bodin,
853 1130 882 1155 c.
910 1117 950 1167 5,
977 1113 999 1153 l.
1025 1115 1062 1155 2.

811 1228 878 1269 De
900 1229 1067 1269 scienti&
1089 1228 1313 1269 literarum.

323 1319 396 1360 An
426 1319 549 1360 liceat
584 1318 767 1375 profanis
802 1318 1069 1374 script-oribus
1103 1334 1268 1374 operam
1311 1318 1422 1368 dare,
1464 1317 1642 1358 affirmat
1684 1317 1860 1370 Socrat,

266 1389 290 1430 l.
317 1393 357 1439 3,
387 1405 422 1430 e.
458 1391 522 1429 16.
582 1404 677 1428 eum
709 1388 798 1428 aliis
828 1387 1058 1429 rationibus
1090 1387 1230 1428 solidis
1263 1402 1372 1437 usus,
1408 1394 1496 1427 tum
1538 1386 1654 1426 Pauli
1691 1385 1864 1441 apostoli

264 1456 472 1512 exemplo,
496 1464 537 1496 et
567 1455 946 1510 antiquissimorum
980 1454 1173 1496 Ecclesiae
1206 1455 1437 1495 doctorum.
1500 1453 1611 1494 Vide
1641 1462 1682 1494 et
1716 1454 1862 1494 Euseb.

266 1529 294 1569 l.
319 1530 359 1580 7,
383 1543 416 1567 e.
444 1530 482 1576 7,
506 1525 556 1566 de
581 1524 782 1578 Dionysio
807 1524 1107 1564 Alexandrino.
1173 1523 1307 1565 Sensit
1329 1524 1452 1564 etiam
1485 1523 1637 1578 impius
1669 1521 1865 1563 Julianus

267 1595 417 1651 quibus
438 1592 555 1634 annis
576 1592 815 1633 labefactari
841 1607 1008 1633 suorum
1031 1607 1152 1632 eausa
1186 1600 1321 1647 posset
1342 1607 1436 1632 eum
1461 1591 1704 1632 Christianis
1738 1590 1865 1631 inter-

266 1662 375 1703 dixit
404 1661 565 1717 poetice
596 1660 810 1701 rhetorieae
840 1669 881 1701 et,
912 1659 1181 1715 philosophiae
1212 1659 1429 1701 lectionem
1467 1662 1552 1704 τοῖς
1584 1658 1750 1703 οἰκείοις
1784 1676 1865 1713 Γγαρ

267 1730 405 1786 inquit
437 1731 605 1783 πτεροῖς
641 1727 749 1769 κατὰ
786 1727 863 1779 τὴν
895 1726 1126 1783 παροιμίαν
1157 1728 1427 1779 βαλλομεθα.
1501 1729 1539 1768 T
1537 1728 1732 1777 lzeodoret,
1757 1727 1864 1768 Hist.

268 1798 294 1838 l.
319 1801 359 1847 3,
382 1813 418 1838 c.
442 1799 481 1839 7.

328 1865 418 1905 'she
438 1864 561 1905 noble
584 1863 637 1904 K.
661 1863 824 1914 Alfred,
848 1879 870 1904 a
891 1873 1007 1919 great
1028 1862 1143 1905 lover
1164 1863 1212 1905 of
1236 1864 1431 1919 learning.
1496 1864 1757 1905 Malmesbur.
1780 1864 1862 1906 Sto.

269 1949 306 1989 p.
326 1934 392 1974 80.
438 1932 502 1973 his
523 1931 730 1973 excellent
750 1939 904 1972 stature
926 1931 1098 1986 [statute
1108 1931 1147 1987 ΞΡ]
1168 1931 1229 1971 for
1246 1932 1430 1986 training
1447 1947 1502 1987 up
1525 1931 1579 1972 all
1600 1931 1670 1972 the
1691 1931 1866 1986 English

269 2002 334 2042 till
362 2005 409 2042 15
433 2016 549 2056 years
571 2000 639 2040 old
661 1999 703 2040 in
725 1999 935 2054 learning;
978 2015 1042 2040 see
1066 2000 1213 2053 Speed,
1236 2000 1279 2039 in
1301 2000 1364 2039 his
1389 1999 1492 2040 Life.

328 2069 430 2110 Two
454 2067 744 2124 Englishmen‚
768 2067 924 2108 Alcuin
947 2067 1027 2107 and
1050 2067 1183 2118 John,
1214 2068 1269 2123 by
1301 2067 1589 2123 appointment
1625 2067 1672 2108 of
1699 2067 1868 2109 Charles

267 2137 338 2178 the
363 2137 487 2178 Great
517 2136 699 2176 founded
733 2135 802 2175 the
836 2143 917 2176 two
949 2134 1121 2176 cheifest
1155 2135 1237 2175 and
1271 2135 1497 2176 ancientest
1530 2135 1792 2176 universities
1826 2136 1874 2176 of

270 2205 451 2260 Europe,
488 2205 601 2245 Paris
636 2203 718 2244 and
756 2203 894 2244 Pavia.
967 2203 1137 2253 Girczrd,
1172 2203 1281 2244 Hist.
1314 2203 1347 2244 F
1353 2219 1485 2252 sance,
1520 2204 1545 2245 l.
1581 2207 1623 2254 4,
1660 2219 1729 2259 pp.
1766 2207 1864 2254 218,

269 2277 365 2314 219.

329 2341 363 2382 T
367 2341 439 2381 hat
460 2341 621 2396 princes
643 2339 776 2395 ought
797 2347 840 2380 to
861 2339 911 2380 be
932 2339 1113 2389 learned,
1137 2339 1357 2395 especially
1387 2339 1430 2379 in
1452 2339 1653 2390 bistones,
1683 2340 1867 2381 Comz‘nes

269 2411 362 2452 well
383 2411 506 2452 shew.
571 2408 799 2457 memoires,
823 2408 848 2448 l.
875 2411 915 2458 2,
938 2423 972 2448 c.
997 2411 1034 2448 6.

331 2479 588 2535 Linguarum
611 2476 803 2533 peritiam
834 2476 957 2517 etiam
990 2475 1033 2516 in
1070 2475 1253 2516 Ecclesia
1284 2475 1502 2530 perutilem
1539 2490 1623 2516 esse
1652 2483 1866 2517 senserunt

272 2547 529 2597 Waldenses,
551 2554 599 2587 ut
619 2545 760 2586 fideles
780 2552 853 2585 aut
873 2543 981 2600 pulsi
1002 2544 1148 2599 patriai,
1172 2552 1244 2585 aut
1274 2559 1296 2584 a
1327 2543 1408 2584 suis
1439 2543 1620 2584 ecelesiis
1655 2543 1781 2594 missi,
1819 2560 1866 2585 eo

246 2636 255 2648 .
270 2617 447 2672 aptiores
467 2615 519 2656 ad
541 2614 772 2655 docendum
797 2620 942 2654 essent.
1002 2612 1146 2662 Gales,
1172 2612 1281 2653 Hist.
1299 2611 1452 2659 Vaud.,
1475 2627 1507 2652 c.
1528 2615 1566 2661 2,
1590 2627 1631 2666 p.
1653 2614 1715 2653 16.
1785 2612 1865 2666 [ii.]

1902 703 2047 743 (21,10)

1899 889 1956 929 20

1900 1225 1950 1265 53
