2437 3149
375 565 452 607 182
465 574 481 591 ²²

517 319 568 356 26
1034 333 1064 361 A
1087 333 1450 364 COMMONPLACE
1475 334 1603 364 Boo-K

523 431 703 473 Codiozus
726 432 964 490 Curopalat.
987 434 1037 476 de
1060 435 1203 477 officiis
1226 436 1585 493 Constantinopol.
1645 452 1679 478 c.
1707 439 1755 479 17
1775 435 1825 477 de
1847 433 2113 477 coronatione

516 501 790 557 imperatoris.

577 570 759 612 Adorari
781 587 821 614 se
842 573 1023 629 primum
1047 573 1331 616 Romanorum
1353 590 1437 617 esse
1459 591 1622 631 passum
1642 575 1950 616 Dioclesianum
1972 572 2114 614 scribit

520 638 710 694 Siyonius
732 640 782 681 de
804 641 903 696 imp.
928 641 1058 683 occid.
1082 643 1109 683 l.
1134 646 1172 692 1,
1195 659 1291 684 cum
1314 652 1408 685 ante
1434 659 1530 685 eum
1560 659 1700 684 omnes
1730 641 1908 683 Romani
1938 641 2112 696 impera·

516 714 623 747 tores
658 708 863 749 consulari
897 716 1063 750 tantum
1098 710 1347 752 salutatione
1382 711 1569 753 contenti
1599 711 1792 752 fuissent:
1824 709 1935 766 quod
1963 708 2033 750 alii
2062 707 2113 749 de

517 774 791 816 Constantino
813 786 1011 820 asserunt.

575 842 800 885 Christiani
834 846 996 902 antiqui
1028 847 1129 902 quid
1170 848 1372 889 senserint
1407 848 1458 890 de
1498 848 1579 890 hoc
1615 848 1809 889 Justinus
1848 847 2017 901 Illartyr
2059 845 2111 885 ad

515 912 661 967 imper.
689 913 811 954 Pium
844 915 1023 956 scribens
1054 915 1235 957 declarat
1264 916 1439 958 fundata
1469 932 1590 973 super
1617 916 1772 959 Christi
1803 915 1993 956 doctrina
2022 929 2111 954 sen·

515 981 658 1030 tentia,
681 990 728 1023 ut
746 982 893 1024 Caesari
915 983 1059 1024 demus
1080 1000 1169 1040 quae
1186 984 1369 1035 Caesaris,
1393 985 1470 1026 deo
1492 1000 1581 1041 quae
1603 984 1670 1025 dei
1691 991 1799 1025 sunt.
1859 982 1953 1024 ὅθεν
1973 980 2112 1036 inquit

515 1048 609 1090 θεον
645 1067 723 1101 μεν
761 1049 889 1102 μόνον
928 1053 1247 1107 προσκυνοῦμεν
1286 1051 1383 1105 ὑμῖν
1423 1051 1468 1093 δὲ
1502 1051 1609 1107 πρὸς
1644 1050 1698 1092 τὰ
1733 1050 1851 1092 ἄλλα
1889 1048 2110 1107 χαίροντες

514 1116 802 1173 ὑπηρετοῦμεν
840 1119 913 1160 ubi
953 1120 1074 1175 plane
1114 1137 1395 1175 προσκυνηση
1435 1120 1510 1161 soli
1551 1120 1642 1171 deo,
1685 1119 1851 1176 regibus
1890 1117 2111 1174 πρόθυμον

513 1185 774 1242 ὑπηρέτησιν
794 1187 963 1229 tribuit:
995 1188 1179 1244 Apolo'g.
1205 1192 1243 1230 2.
1265 1205 1306 1245 p.
1333 1193 1400 1231 64.

572 1253 704 1309 Leges
740 1269 830 1295 suas
864 1255 1129 1297 ficfstzssnicmus
1166 1256 1266 1297 alibi
1306 1264 1428 1297 vocat
1469 1256 1652 1307 oracula3
1704 1263 1745 1297 et
1785 1262 1923 1296 nostra
1963 1253 2108 1295 divina

510 1322 765 1364 constitutio.
827 1323 1011 1365 Institut.
1046 1325 1073 1364 l.
1111 1328 1151 1374 2,
1185 1324 1250 1366 tit.
1284 1329 1324 1376 2,
1353 1326 1371 1379 ξ
1406 1329 1445 1376 9,
1477 1333 1518 1366 et
1548 1323 1867 1366 sacratissimum
1897 1322 2105 1371 aerariu1n3

509 1391 610 1433 ibid.

566 1459 881 1502 Authoritatem
923 1461 1081 1517 regiam
1122 1477 1145 1503 a
1187 1463 1301 1519 Papa
1341 1479 1425 1504 non
1467 1462 1699 1520 dependere
1740 1461 1903 1518 scripsit
1945 1461 2104 1501 Dances

508 1526 542 1566 F
546 1526 774 1569 lorentinus
795 1528 839 1569 in
861 1544 909 1570 eo
937 1529 1044 1570 libro
1075 1530 1143 1570 cui
1171 1538 1231 1571 est
1260 1530 1382 1571 titulo
1404 1531 1494 1585 (sic)
1520 1530 1765 1571 Monarchia
1796 1544 1919 1585 quem
1949 1527 2103 1568 librum

509 1594 739 1636 Cardinalis
780 1595 847 1637 del
889 1597 1114 1653 Poggietto
1154 1605 1353 1654 tanquam
1394 1599 1595 1655 scriptum
1635 1598 1875 1640 haereticum
1916 1594 2104 1638 comburi

506 1662 680 1714 curavit,
704 1670 751 1704 ut
771 1671 945 1705 testatur
966 1666 1186 1707 Boccatz‘us
1207 1666 1252 1707 in
1279 1667 1369 1708 vit-Cr
1398 1667 1548 1708 Dantis
1578 1667 1762 1709 editione
1791 1665 1941 1722 priore,
1963 1680 2059 1705 nain
2082 1679 2104 1704 e

506 1731 723 1786 posteriori
750 1733 908 1773 mentio
929 1733 1047 1774 istius
1077 1734 1137 1775 rei
1158 1735 1293 1776 omnis
1314 1743 1374 1776 est
1396 1735 1531 1776 deleta
1553 1736 1602 1776 ab
1624 1734 1881 1791 inquisitore.
1952 1732 2103 1787 [Small

507 1799 677 1856 writing
699 1800 796 1841 thus
816 1801 911 1855 faia]

566 1868 761 1910 Officium
779 1878 819 1910 et
836 1869 1023 1911 definitio
1041 1871 1298 1926 imperatoris
1315 1872 1482 1929 egregia
1498 1880 1578 1914 est:
1596 1872 1626 1914 J
1630 1887 1677 1913 us
1693 1872 1832 1914 Graeoo
1850 1871 2100 1918 Romanum,

506 1938 530 1978 l.
557 1940 597 1988 2,
619 1953 658 1992 p.
689 1939 782 1988 178,
806 1953 859 1979 ex
890 1938 959 1980 lib.
985 1939 1036 1980 de
1058 1939 1152 1993 jure
1181 1940 1252 1995 qui
1282 1948 1342 1982 est
1373 1941 1496 1982 Basil.
1522 1941 1735 1982 Constant.
1760 1938 2014 1982 Leonisubi
2045 1937 2104 1978 ait

505 2004 626 2049 Τέλος
647 2022 706 2059 τῳ
730 2005 914 2055 βασιλεῖ
941 2005 989 2048 τὸ
1021 2006 1249 2062 εὐεργετειν
1279 2025 1350 2050 και
1371 2008 1494 2060 ἡνικα
1513 2012 1587 2062 τῆς
1609 2007 1848 2064 εὐεργεσίας
1869 2005 2101 2060 εξατονήση

504 2071 616 2114 δοκὲι
647 2071 914 2124 κιβδηλεύειν
944 2090 1017 2115 Ιτον
1045 2074 1280 2124 βασιλικὸν
1299 2079 1563 2132 χαρακτῆρα.
1626 2076 1738 2118 Vide
1773 2075 1895 2117 etiam
1933 2073 2100 2115 Orland.

507 2141 727 2183 Inamorat.
758 2142 825 2183 del
855 2144 999 2193 Remi,
1030 2151 1138 2186 cant.
1162 2146 1202 2195 7,
1226 2152 1351 2186 stanz.
1373 2148 1419 2195 3;
1451 2161 1509 2186 un
1530 2160 1573 2186 re
1594 2160 1634 2186 se
1656 2144 1777 2186 vuole
1803 2143 1834 2183 il
1864 2158 1937 2184 suo
1960 2142 2100 2183 debito

505 2209 602 2258 sare,
626 2225 709 2249 non
731 2211 752 2250 ὲ
774 2226 816 2251 re
837 2218 1075 2252 veramente
1096 2227 1163 2252 ma
1184 2212 1330 2253 faltore
1352 2213 1418 2254 del
1439 2213 1603 2268 popolo,
1628 2220 1704 2254 ete.

562 2277 651 2318 The
682 2279 833 2333 clergie
865 2280 1101 2335 commonly
1132 2280 1205 2321 the
1235 2290 1469 2336 corrupters
1490 2282 1539 2322 of
1563 2282 1711 2338 kingly
1733 2281 1962 2336 authority,
1984 2288 2098 2322 turn-

501 2346 574 2401 ing
596 2346 630 2386 it
649 2354 692 2387 to
715 2348 906 2402 tyrannio
927 2348 983 2402 by
1004 2347 1112 2389 thire
1144 2348 1306 2390 wicked
1336 2349 1532 2392 flatterics
1563 2366 1667 2392 even
1702 2351 1746 2391 in
1777 2350 1849 2392 the
1883 2351 2034 2407 pulpit,
2057 2367 2099 2392 as

504 2414 586 2456 An.
610 2430 694 2470 reg.
722 2414 840 2456 Rich.
863 2418 903 2466 2,
933 2431 997 2456 an.
1023 2418 1090 2457 21.
1158 2416 1350 2466 Stafford,
1374 2418 1530 2474 Bishop
1570 2419 1619 2459 of
1645 2419 1841 2467 Excetcr,
1872 2419 1914 2459 in
1945 2419 2096 2474 parlia-

502 2492 616 2524 ment
652 2484 767 2535 time,
804 2483 942 2525 which
979 2499 1062 2526 was
1101 2500 1221 2526 causo
1262 2485 1310 2526 of
1342 2495 1459 2542 great
1498 2486 1679 2528 mischef
1710 2495 1753 2528 to
1794 2486 1894 2528 both
1935 2487 1984 2528 K.
2016 2488 2097 2528 and

501 2560 691 2607 country.

560 2621 649 2662 The
671 2620 785 2677 right
807 2620 855 2662 of
873 2621 944 2662 K's
966 2629 1008 2663 to
1039 2621 1109 2663 tho
1146 2623 1276 2678 goods
1309 2623 1357 2664 os
1383 2623 1447 2665 his
1482 2624 1672 2678 subjects.
1740 2624 1830 2666 The
1863 2640 2020 2666 answer
2055 2625 2102 2666 of

987 2710 999 2723 ‘¹
1024 2706 1101 2736 leem
1120 2706 1147 2737 is
1163 2710 1197 2738 at
1214 2707 1268 2738 the
1285 2707 1370 2739 head
1386 2707 1424 2739 of
1439 2707 1494 2739 tho
1510 2718 1602 2749 page.
