2437 3149
442 501 525 542 230

438 982 522 1023 240

382 1583 395 1590 ὅ
444 1525 520 1566 241

561 331 616 367 50
1078 342 1109 369 Α
1131 340 1493 373 COMMONPLACE
1516 342 1649 372 BOOK

1236 502 1496 543 Pestilentia.

624 590 843 633 Pestilent:
860 591 1064 634 divinitus
1077 592 1259 634 immissa
1273 593 1528 649 temporibus
1542 591 1788 643 Justiniani,
1803 591 1848 632 in
1861 591 1944 648 qua
1956 590 2157 631 immanes

564 658 750 714 quaedam
781 660 1015 701 daemonum
1048 661 1189 702 formae
1219 661 1264 701 in
1297 661 1441 703 obvios
1472 676 1655 717 quosque
1682 660 1957 716 grassantium
1988 673 2156 714 appare-

564 726 676 777 bant,
724 727 796 782 qui
840 727 965 768 etiam
1000 743 1074 784 per
1109 743 1301 770 somnum
1332 729 1544 770 nonnullis
1580 729 1764 770 dicerent
1799 744 1839 770 se
1874 742 2038 784 quoque
2073 741 2157 767 esse

562 809 705 836 eorum
726 796 771 836 in
792 811 964 837 nurnero
996 796 1069 852 qui
1099 804 1233 838 essent
1264 796 1456 838 morituri
1491 796 1568 839 hac
1601 804 1726 854 peste.
1787 796 1980 851 Procop:
2003 793 2154 851 persio:

560 860 585 901 l.
611 865 650 905 2.
716 862 870 919 [Small
892 864 1095 920 writing.]

1227 979 1503 1035 Gymnastz'ca.

621 1068 784 1111 Giostro
806 1078 847 1111 et
867 1069 1307 1112 torneameno—-Ludi
1328 1079 1534 1126 equestres
1561 1086 1584 1111 a
1614 1069 1754 1111 latinis
1785 1067 1948 1110 inventi
1980 1081 2155 1123 quorum

559 1136 670 1193 leges
699 1146 740 1179 et
767 1153 923 1179 morem
955 1138 1150 1179 describit
1172 1137 1349 1194 Niceph.
1374 1138 1589 1194 Gregoras.
1610 1137 1638 1179 l.
1662 1140 1729 1188 10,
1762 1152 1796 1178 c.
1828 1153 1927 1191 περι
1956 1150 2156 1188 Γγενεσι-ῑως

560 1207 634 1247 τοῦ
653 1205 873 1255 βασιλέως
894 1205 1077 1248 Ιώάννου
1098 1208 1174 1247 τοῦ
1195 1205 1298 1248 νέου.
1361 1221 1429 1248 eos
1449 1206 1569 1248 ludos
1594 1205 1776 1248 Sabaudi
1796 1204 1954 1245 nobiles
1974 1203 2155 1259 primum

562 1273 722 1316 Graeeos
742 1274 987 1328 docuerunt,
1011 1283 1059 1315 ut
1079 1282 1252 1316 testatur
1281 1275 1600 1326 Cantauuaenus,
1621 1275 1648 1315 l.
1676 1278 1713 1323 1,
1735 1290 1768 1316 c.
1791 1277 1862 1315 42.

616 1343 879 1384 Damnantur
899 1343 950 1385 ab
974 1343 1221 1384 Innocentio
1245 1343 1462 1395 Pontifice,
1486 1344 1612 1399 Siyon
1627 1361 1639 1385 .·
1671 1343 1699 1384 1.
1737 1346 1803 1384 11.
1825 1341 1876 1383 de
1908 1356 2023 1397 regn.
2055 1339 2154 1380 Ital:

558 1416 653 1455 273.
716 1420 757 1455 et
778 1413 829 1455 ab
853 1413 1058 1469 Eugenio.
1082 1429 1120 1469 p.
1146 1416 1241 1454 283.
1311 1413 1405 1467 [All
1426 1413 1543 1455 small
1565 1411 1771 1468 writing.]

1233 1529 1482 1584 Spectacula.

623 1618 917 1668 Tertullianus,
952 1618 995 1658 in
1028 1633 1076 1659 eo
1104 1617 1211 1659 libro
1242 1633 1365 1673 quem
1398 1618 1449 1659 de
1477 1617 1721 1673 spectaculis
1742 1615 1963 1671 inscripsit,
1987 1615 2156 1656 damnat

557 1700 700 1726 eorum
733 1700 868 1736 usum,
896 1693 938 1727 et
964 1684 1211 1727 Christianis
1242 1685 1440 1737 occludit,
1468 1701 1545 1726 nec
1575 1701 1674 1726 vero
1705 1692 1870 1726 tantuin
1901 1681 2157 1740 argumentis

557 1753 646 1809 agit
681 1754 785 1809 (quae
821 1754 925 1795 solos
961 1753 1148 1795 ethnicos
1180 1754 1300 1795 ludos
1335 1754 1592 1807 convellunt)
1632 1763 1680 1794 ut
1712 1753 1825 1794 cauti
1860 1761 1902 1794 et
1942 1751 2155 1807 prudentis

558 1821 785 1863 Christiani
806 1822 993 1863 animum
1014 1822 1217 1879 religione
1239 1822 1496 1878 obstringere
1517 1821 1721 1873 debuerit,
1744 1836 1826 1877 quo
1848 1820 1985 1861 minus
2009 1835 2156 1876 poema

556 1889 725 1945 aliquod
758 1890 1032 1932 dramaticum
1066 1906 1088 1932 a
1122 1891 1245 1946 poeta
1275 1906 1361 1932 non
1400 1891 1594 1947 imperito
1642 1889 1935 1932 concinnatum
1973 1896 2155 1944 spectare

556 1958 682 2008 ausit3
713 1957 819 1999 illud
839 1967 980 2000 tamen
1001 1958 1158 2014 optime
1180 1958 1279 2000 facit
1298 1959 1343 1999 in
1365 1958 1530 2014 epilogo
1550 1957 1647 2000 libri
1663 1965 1710 1998 ut
1727 1965 1908 1998 mentem
1923 1955 2154 1997 Christiani

556 2026 608 2067 ad
639 2025 808 2067 meliora
828 2026 871 2068 h.
893 2041 927 2067 e.
949 2026 1092 2067 divina
1112 2034 1154 2068 et
1173 2025 1337 2067 celestia
1358 2027 1590 2082 spectacula
1616 2029 1719 2082 (quae
1740 2032 1802 2066 tot
1821 2032 1863 2066 et
1887 2032 2002 2066 tanta
2027 2024 2154 2065 homo

558 2095 817 2137 Christianus
848 2096 986 2136 animo
1016 2095 1237 2151 praecipere
1265 2103 1420 2151 protest
1451 2095 1502 2136 de
1533 2095 1716 2136 adventu
1739 2093 1908 2143 Christi,
1931 2092 1982 2134 de
2013 2092 2153 2133 futuro

551 2163 726 2217 judicio,
739 2164 874 2204 densis
887 2163 1092 2205 coloribus
1106 2164 1306 2204 contortis
1319 2163 1570 2204 incitaverit.
1602 2162 1779 2203 eundem
1795 2175 1958 2216 prorsus
1970 2160 2151 2215 lapidem

555 2231 690 2272 volvit
718 2231 952 2286 Cyprianus
974 2246 1046 2271 seu
1067 2231 1158 2286 quis
1179 2231 1283 2272 alius
1303 2231 1410 2271 libro
1433 2230 1576 2272 ezidem
1599 2230 1650 2271 de
1671 2246 1714 2271 re
1735 2228 1963 2285 composito
1990 2237 2088 2270 tom.
2111 2232 2148 2271 3.

557 2300 612 2341 Et
633 2300 891 2347 Lactantius,
910 2299 935 2340 1.
959 2301 998 2349 6,
1013 2314 1046 2339 c.
1066 2302 1120 2338 20
1137 2298 1394 2355 argumentis
1415 2298 1548 2339 nihilo
1571 2297 1822 2340 firmioribus
1842 2312 1928 2338 rem
1949 2296 2150 2338 scenicam

552 2368 788 2409 universam
821 2367 865 2407 in
896 2366 1001 2407 vitio
1033 2367 1171 2422 ponit:
1204 2382 1281 2408 nec
1306 2367 1432 2408 semel
1453 2366 1624 2422 quidem
1644 2365 1843 2422 cogitasse
1865 2364 2043 2414 videtur,
2066 2379 2153 2405 cor·

552 2436 734 2492 ruptelas
755 2435 923 2491 quidem
944 2434 1164 2476 theatricas
1185 2435 1332 2476 merito
1354 2434 1446 2476 tolli
1468 2435 1630 2485 debere,
1650 2449 1815 2476 omnem
1837 2442 1974 2475 autem
1998 2432 2152 2474 idcirco

551 2520 687 2546 rerum
720 2503 1039 2544 dramaticarum
1071 2518 1191 2551 usum
1221 2504 1387 2559 penitus
1414 2503 1570 2545 aboleri
1593 2503 1699 2544 nihil
1720 2518 1881 2544 necesse
1902 2517 2001 2551 esse,
2022 2502 2151 2543 immo

551 2572 689 2628 potius
721 2570 844 2611 nimis
877 2570 1077 2611 insulsum
1115 2578 1237 2621 esset3
1279 2571 1381 2627 quid
1413 2571 1524 2612 enim
1566 2571 1609 2611 in
1652 2571 1739 2612 tot-Cr
1779 2569 2041 2627 philosophia
2080 2577 2152 2611 aut

549 2639 718 2693 gravius
749 2646 821 2679 aut
851 2637 1030 2678 sanctius
1060 2645 1132 2678 aut
1163 2638 1381 2679 sublimius
1412 2637 1609 2694 tragaedia
1636 2645 1745 2679 reete
1771 2638 2016 2688 constitutzi3
2048 2637 2150 2693 quid

549 2707 693 2748 utilius
715 2707 764 2747 ad
788 2706 978 2747 humanae
1000 2706 1093 2747 vitae
1114 2721 1228 2747 casus
1250 2715 1290 2747 et
1307 2707 1591 2748 conversiones
1608 2722 1690 2747 uno
1708 2706 1864 2748 intuitu
1882 2705 2150 2763 spectandos?
