<?xml version="1.0" encoding="UTF-8"?>
<!DOCTYPE html PUBLIC "-//W3C//DTD XHTML 1.0 Transitional//EN"
    "http://www.w3.org/TR/xhtml1/DTD/xhtml1-transitional.dtd">
<html xmlns="http://www.w3.org/1999/xhtml" xml:lang="en" lang="en">
 <head>
  <title>
</title>
<meta http-equiv="Content-Type" content="text/html;charset=utf-8" />
  <meta name='ocr-system' content='tesseract 3.04.00' />
  <meta name='ocr-capabilities' content='ocr_page ocr_carea ocr_par ocr_line ocrx_word'/>
</head>
<body>
  <div class='ocr_page' id='page_1' title='image "./placebooko00miltcommonrich_0060.png"; bbox 0 0 2437 3149; ppageno 0'>
   <div class='ocr_carea' id='block_1_1' title="bbox 291 1123 415 1164">
    <p class='ocr_par' dir='ltr' id='par_1_1' title="bbox 291 1123 415 1164">
     <span class='ocr_line' id='line_1_1' title="bbox 291 1123 415 1164; baseline -0.008 -10"><span class='ocrx_word' id='word_1_1' title='bbox 291 1124 361 1164; x_wconf 85' lang='lat'>(13,</span> <span class='ocrx_word' id='word_1_2' title='bbox 380 1123 415 1163; x_wconf 91' lang='lat'>1)</span> 
     </span>
    </p>
   </div>
   <div class='ocr_carea' id='block_1_2' title="bbox 352 2438 428 2479">
    <p class='ocr_par' dir='ltr' id='par_1_2' title="bbox 352 2438 428 2479">
     <span class='ocr_line' id='line_1_2' title="bbox 352 2438 428 2479; baseline 0 -1"><span class='ocrx_word' id='word_1_3' title='bbox 352 2438 428 2479; x_wconf 88' lang='grc'>186</span> 
     </span>
    </p>
   </div>
   <div class='ocr_carea' id='block_1_3' title="bbox 441 330 1528 367">
    <p class='ocr_par' dir='ltr' id='par_1_3' title="bbox 441 330 1528 367">
     <span class='ocr_line' id='line_1_3' title="bbox 441 330 1528 367; baseline -0.005 0"><span class='ocrx_word' id='word_1_4' title='bbox 441 330 494 367; x_wconf 86' lang='grc'>32</span> <span class='ocrx_word' id='word_1_5' title='bbox 959 338 990 365; x_wconf 85' lang='lat' dir='ltr'>A</span> <span class='ocrx_word' id='word_1_6' title='bbox 1012 334 1373 366; x_wconf 83' lang='lat' dir='ltr'>COMMONPLACE</span> <span class='ocrx_word' id='word_1_7' title='bbox 1396 333 1528 363; x_wconf 85' lang='lat' dir='ltr'>BOOK</span> 
     </span>
    </p>
   </div>
   <div class='ocr_carea' id='block_1_4' title="bbox 441 430 2058 2325">
    <p class='ocr_par' dir='ltr' id='par_1_4' title="bbox 441 430 2034 623">
     <span class='ocr_line' id='line_1_4' title="bbox 441 430 2034 494; baseline -0.006 -13"><span class='ocrx_word' id='word_1_8' title='bbox 441 440 512 482; x_wconf 89' lang='lat' dir='ltr'>the</span> <span class='ocrx_word' id='word_1_9' title='bbox 542 440 627 481; x_wconf 84' lang='lat' dir='ltr'>2nd</span> <span class='ocrx_word' id='word_1_10' title='bbox 658 455 738 481; x_wconf 85' lang='lat' dir='ltr'>was</span> <span class='ocrx_word' id='word_1_11' title='bbox 773 446 847 479; x_wconf 89' lang='lat' dir='ltr'>not</span> <span class='ocrx_word' id='word_1_12' title='bbox 883 439 983 494; x_wconf 86' lang='lat' dir='ltr'>only</span> <span class='ocrx_word' id='word_1_13' title='bbox 1019 438 1185 494; x_wconf 88' lang='lat' dir='ltr'>depos’d</span> <span class='ocrx_word' id='word_1_14' title='bbox 1219 438 1274 492; x_wconf 88' lang='lat' dir='ltr'>by</span> <span class='ocrx_word' id='word_1_15' title='bbox 1307 436 1568 491; x_wconf 86' lang='lat' dir='ltr'>parliament,</span> <span class='ocrx_word' id='word_1_16' title='bbox 1602 434 1679 475; x_wconf 90' lang='lat' dir='ltr'>but</span> <span class='ocrx_word' id='word_1_17' title='bbox 1706 440 1796 474; x_wconf 83' lang='lat' dir='ltr'>sute</span> <span class='ocrx_word' id='word_1_18' title='bbox 1827 431 1945 473; x_wconf 88' lang='lat' dir='ltr'>made</span> <span class='ocrx_word' id='word_1_19' title='bbox 1977 430 2034 486; x_wconf 90' lang='lat' dir='ltr'>by</span> 
     </span>
     <span class='ocr_line' id='line_1_5' title="bbox 442 497 2034 561; baseline -0.007 -12"><span class='ocrx_word' id='word_1_20' title='bbox 442 509 512 550; x_wconf 86' lang='lat' dir='ltr'>the</span> <span class='ocrx_word' id='word_1_21' title='bbox 534 523 746 549; x_wconf 86' lang='lat' dir='ltr'>commons</span> <span class='ocrx_word' id='word_1_22' title='bbox 776 507 866 548; x_wconf 88' lang='lat' dir='ltr'>that</span> <span class='ocrx_word' id='word_1_23' title='bbox 895 507 948 547; x_wconf 88' lang='lat' dir='ltr'>he</span> <span class='ocrx_word' id='word_1_24' title='bbox 981 506 1119 561; x_wconf 83' lang='lat' dir='ltr'>might</span> <span class='ocrx_word' id='word_1_25' title='bbox 1151 506 1257 546; x_wconf 88' lang='lat' dir='ltr'>have</span> <span class='ocrx_word' id='word_1_26' title='bbox 1283 504 1532 559; x_wconf 79' lang='lat' dir='ltr'>judgement</span> <span class='ocrx_word' id='word_1_27' title='bbox 1561 501 1732 542; x_wconf 88' lang='lat' dir='ltr'>decreed</span> <span class='ocrx_word' id='word_1_28' title='bbox 1760 500 1921 555; x_wconf 78' lang='lat' dir='ltr'>against</span> <span class='ocrx_word' id='word_1_29' title='bbox 1945 497 2034 538; x_wconf 92' lang='lat' dir='ltr'>him</span> 
     </span>
     <span class='ocr_line' id='line_1_6' title="bbox 443 566 1926 623; baseline -0.007 -5"><span class='ocrx_word' id='word_1_30' title='bbox 443 586 486 618; x_wconf 82' lang='lat' dir='ltr'>to</span> <span class='ocrx_word' id='word_1_31' title='bbox 508 577 627 618; x_wconf 78' lang='lat' dir='ltr'>avoid</span> <span class='ocrx_word' id='word_1_32' title='bbox 651 576 791 617; x_wconf 88' lang='lat' dir='ltr'>furder</span> <span class='ocrx_word' id='word_1_33' title='bbox 811 574 1007 617; x_wconf 87' lang='lat' dir='ltr'>mischeif</span> <span class='ocrx_word' id='word_1_34' title='bbox 1020 575 1065 615; x_wconf 94' lang='lat' dir='ltr'>in</span> <span class='ocrx_word' id='word_1_35' title='bbox 1086 574 1156 615; x_wconf 88' lang='lat' dir='ltr'>the</span> <span class='ocrx_word' id='word_1_36' title='bbox 1177 573 1318 615; x_wconf 88' lang='lat' dir='ltr'>realm.</span> <span class='ocrx_word' id='word_1_37' title='bbox 1378 571 1575 613; x_wconf 73' lang='lat' dir='ltr'>Holinsli.</span> <span class='ocrx_word' id='word_1_38' title='bbox 1598 573 1693 611; x_wconf 84' lang='lat'>512.</span> <span class='ocrx_word' id='word_1_39' title='bbox 1764 566 1926 623; x_wconf 61' lang='lat' dir='ltr'>[xxiii]</span> 
     </span>
    </p>

    <p class='ocr_par' dir='ltr' id='par_1_5' title="bbox 443 636 2041 1106">
     <span class='ocr_line' id='line_1_7' title="bbox 500 636 2038 699; baseline -0.007 -14"><span class='ocrx_word' id='word_1_40' title='bbox 500 645 649 686; x_wconf 78' lang='lat' dir='ltr'>Petrus</span> <span class='ocrx_word' id='word_1_41' title='bbox 670 645 837 699; x_wconf 74' lang='lat' dir='ltr'>Martyr</span> <span class='ocrx_word' id='word_1_42' title='bbox 856 643 901 683; x_wconf 90' lang='lat' dir='ltr'>in</span> <span class='ocrx_word' id='word_1_43' title='bbox 923 646 947 683; x_wconf 89' lang='lat'><strong>3</strong></span> <span class='ocrx_word' id='word_1_44' title='bbox 970 658 1004 683; x_wconf 91' lang='grc'>6.</span> <span class='ocrx_word' id='word_1_45' title='bbox 1028 642 1120 683; x_wconf 85' lang='grc' dir='ltr'>Ι11(1.</span> <span class='ocrx_word' id='word_1_46' title='bbox 1144 642 1201 683; x_wconf 90' lang='grc'>615</span> <span class='ocrx_word' id='word_1_47' title='bbox 1223 641 1295 697; x_wconf 89' lang='lat' dir='ltr'>qui</span> <span class='ocrx_word' id='word_1_48' title='bbox 1315 647 1562 696; x_wconf 85' lang='lat' dir='ltr'>potestatem</span> <span class='ocrx_word' id='word_1_49' title='bbox 1592 637 1843 693; x_wconf 86' lang='lat' dir='ltr'>superiorem</span> <span class='ocrx_word' id='word_1_50' title='bbox 1874 636 2038 691; x_wconf 80' lang='lat' dir='ltr'>eligunt</span> 
     </span>
     <span class='ocr_line' id='line_1_8' title="bbox 443 703 2037 768; baseline -0.007 -14"><span class='ocrx_word' id='word_1_51' title='bbox 443 713 645 768; x_wconf 88' lang='lat' dir='ltr'>certisque</span> <span class='ocrx_word' id='word_1_52' title='bbox 667 711 828 767; x_wconf 80' lang='lat' dir='ltr'>legibus</span> <span class='ocrx_word' id='word_1_53' title='bbox 848 710 1011 766; x_wconf 85' lang='lat' dir='ltr'>reipub.</span> <span class='ocrx_word' id='word_1_54' title='bbox 1034 708 1278 766; x_wconf 79' lang='lat' dir='ltr'>praeficiunt,</span> <span class='ocrx_word' id='word_1_55' title='bbox 1304 716 1352 749; x_wconf 87' lang='lat' dir='ltr'>ut</span> <span class='ocrx_word' id='word_1_56' title='bbox 1382 707 1507 748; x_wconf 90' lang='lat' dir='ltr'>hodie</span> <span class='ocrx_word' id='word_1_57' title='bbox 1537 707 1732 747; x_wconf 74' lang='lat' dir='ltr'>electores</span> <span class='ocrx_word' id='word_1_58' title='bbox 1766 703 1931 760; x_wconf 87' lang='lat' dir='ltr'>imperii</span> <span class='ocrx_word' id='word_1_59' title='bbox 1960 711 2037 744; x_wconf 88' lang='lat' dir='ltr'>etc.</span> 
     </span>
     <span class='ocr_line' id='line_1_9' title="bbox 443 771 2038 836; baseline -0.006 -15"><span class='ocrx_word' id='word_1_60' title='bbox 443 781 580 830; x_wconf 84' lang='lat' dir='ltr'>licere,</span> <span class='ocrx_word' id='word_1_61' title='bbox 603 780 636 821; x_wconf 85' lang='lat' dir='ltr'>si</span> <span class='ocrx_word' id='word_1_62' title='bbox 657 779 848 836; x_wconf 86' lang='lat' dir='ltr'>princeps</span> <span class='ocrx_word' id='word_1_63' title='bbox 868 778 1012 834; x_wconf 88' lang='lat' dir='ltr'>pactis,</span> <span class='ocrx_word' id='word_1_64' title='bbox 1036 786 1077 819; x_wconf 91' lang='lat' dir='ltr'>et</span> <span class='ocrx_word' id='word_1_65' title='bbox 1099 776 1308 833; x_wconf 79' lang='lat' dir='ltr'>promissis</span> <span class='ocrx_word' id='word_1_66' title='bbox 1329 791 1414 817; x_wconf 91' lang='lat' dir='ltr'>non</span> <span class='ocrx_word' id='word_1_67' title='bbox 1435 774 1608 824; x_wconf 84' lang='lat' dir='ltr'>steterit,</span> <span class='ocrx_word' id='word_1_68' title='bbox 1645 788 1740 815; x_wconf 91' lang='lat' dir='ltr'>eum</span> <span class='ocrx_word' id='word_1_69' title='bbox 1773 772 1816 813; x_wconf 92' lang='lat' dir='ltr'>in</span> <span class='ocrx_word' id='word_1_70' title='bbox 1850 771 2038 813; x_wconf 80' lang='lat' dir='ltr'>ordinem</span> 
     </span>
     <span class='ocr_line' id='line_1_10' title="bbox 445 839 2038 905; baseline -0.006 -15"><span class='ocrx_word' id='word_1_71' title='bbox 445 864 591 905; x_wconf 85' lang='lat' dir='ltr'>cogere</span> <span class='ocrx_word' id='word_1_72' title='bbox 613 864 660 889; x_wconf 86' lang='lat' dir='ltr'>ac</span> <span class='ocrx_word' id='word_1_73' title='bbox 680 848 724 888; x_wconf 87' lang='lat' dir='ltr'>vi</span> <span class='ocrx_word' id='word_1_74' title='bbox 745 847 926 904; x_wconf 85' lang='lat' dir='ltr'>adigere,</span> <span class='ocrx_word' id='word_1_75' title='bbox 949 855 996 887; x_wconf 91' lang='lat' dir='ltr'>ut</span> <span class='ocrx_word' id='word_1_76' title='bbox 1017 846 1276 887; x_wconf 89' lang='lat' dir='ltr'>conditiones</span> <span class='ocrx_word' id='word_1_77' title='bbox 1297 852 1338 886; x_wconf 90' lang='lat' dir='ltr'>et</span> <span class='ocrx_word' id='word_1_78' title='bbox 1371 852 1491 899; x_wconf 85' lang='lat' dir='ltr'>pacta</span> <span class='ocrx_word' id='word_1_79' title='bbox 1526 859 1616 899; x_wconf 89' lang='lat' dir='ltr'>quae</span> <span class='ocrx_word' id='word_1_80' title='bbox 1649 842 1784 883; x_wconf 88' lang='lat' dir='ltr'>fuerat</span> <span class='ocrx_word' id='word_1_81' title='bbox 1816 839 2038 896; x_wconf 72' lang='lat' dir='ltr'>pollicitus,</span> 
     </span>
     <span class='ocr_line' id='line_1_11' title="bbox 445 908 2041 972; baseline -0.006 -14"><span class='ocrx_word' id='word_1_82' title='bbox 445 917 664 972; x_wconf 85' lang='lat' dir='ltr'>compleat,</span> <span class='ocrx_word' id='word_1_83' title='bbox 700 916 826 970; x_wconf 89' lang='lat' dir='ltr'>idque</span> <span class='ocrx_word' id='word_1_84' title='bbox 867 915 935 956; x_wconf 90' lang='lat' dir='ltr'>vel</span> <span class='ocrx_word' id='word_1_85' title='bbox 975 914 1098 956; x_wconf 89' lang='lat' dir='ltr'>armis</span> <span class='ocrx_word' id='word_1_86' title='bbox 1133 929 1229 954; x_wconf 87' lang='lat' dir='ltr'>cum</span> <span class='ocrx_word' id='word_1_87' title='bbox 1271 912 1390 954; x_wconf 89' lang='lat' dir='ltr'>aliter</span> <span class='ocrx_word' id='word_1_88' title='bbox 1425 911 1513 953; x_wconf 88' lang='lat' dir='ltr'>fieri</span> <span class='ocrx_word' id='word_1_89' title='bbox 1546 926 1632 951; x_wconf 91' lang='lat' dir='ltr'>non</span> <span class='ocrx_word' id='word_1_90' title='bbox 1667 909 1813 965; x_wconf 85' lang='lat' dir='ltr'>possit:</span> <span class='ocrx_word' id='word_1_91' title='bbox 1860 908 2041 963; x_wconf 79' lang='lat' dir='ltr'>citatque</span> 
     </span>
     <span class='ocr_line' id='line_1_12' title="bbox 446 979 2040 1040; baseline -0.007 -13"><span class='ocrx_word' id='word_1_92' title='bbox 446 985 662 1027; x_wconf 82' lang='lat' dir='ltr'>authorem</span> <span class='ocrx_word' id='word_1_93' title='bbox 687 984 941 1040; x_wconf 85' lang='lat' dir='ltr'>Polydorum</span> <span class='ocrx_word' id='word_1_94' title='bbox 964 991 1123 1024; x_wconf 88' lang='lat' dir='ltr'>nostros</span> <span class='ocrx_word' id='word_1_95' title='bbox 1142 982 1332 1022; x_wconf 86' lang='lat' dir='ltr'>homines</span> <span class='ocrx_word' id='word_1_96' title='bbox 1354 979 1576 1035; x_wconf 80' lang='lat' dir='ltr'>aliquando</span> <span class='ocrx_word' id='word_1_97' title='bbox 1599 993 1691 1019; x_wconf 87' lang='lat' dir='ltr'>suos</span> <span class='ocrx_word' id='word_1_98' title='bbox 1720 992 1836 1033; x_wconf 83' lang='lat' dir='ltr'>reges</span> <span class='ocrx_word' id='word_1_99' title='bbox 1868 991 2040 1031; x_wconf 92' lang='lat' dir='ltr'>compu-</span> 
     </span>
     <span class='ocr_line' id='line_1_13' title="bbox 446 1044 2002 1106; baseline -0.005 -11"><span class='ocrx_word' id='word_1_100' title='bbox 446 1054 539 1095; x_wconf 89' lang='lat' dir='ltr'>lisse</span> <span class='ocrx_word' id='word_1_101' title='bbox 560 1054 610 1095; x_wconf 90' lang='lat' dir='ltr'>ad</span> <span class='ocrx_word' id='word_1_102' title='bbox 632 1053 833 1094; x_wconf 86' lang='lat' dir='ltr'>rationem</span> <span class='ocrx_word' id='word_1_103' title='bbox 856 1051 1108 1093; x_wconf 83' lang='lat' dir='ltr'>reddendam</span> <span class='ocrx_word' id='word_1_104' title='bbox 1131 1049 1318 1106; x_wconf 80' lang='lat' dir='ltr'>pecuniae</span> <span class='ocrx_word' id='word_1_105' title='bbox 1338 1048 1445 1089; x_wconf 85' lang='lat' dir='ltr'>male</span> <span class='ocrx_word' id='word_1_106' title='bbox 1467 1047 1773 1089; x_wconf 73' lang='lat' dir='ltr'>administratae.</span> <span class='ocrx_word' id='word_1_107' title='bbox 1843 1044 2002 1101; x_wconf 82' lang='lat' dir='ltr'>[xxiv.]</span> 
     </span>
    </p>

    <p class='ocr_par' dir='ltr' id='par_1_6' title="bbox 451 1115 2046 1314">
     <span class='ocr_line' id='line_1_14' title="bbox 506 1115 2044 1174; baseline -0.005 -11"><span class='ocrx_word' id='word_1_108' title='bbox 506 1122 577 1163; x_wconf 79' lang='lat' dir='ltr'>An</span> <span class='ocrx_word' id='word_1_109' title='bbox 599 1123 769 1163; x_wconf 73' lang='lat' dir='ltr'>occidere</span> <span class='ocrx_word' id='word_1_110' title='bbox 792 1121 921 1163; x_wconf 77' lang='lat' dir='ltr'>liceat.</span> <span class='ocrx_word' id='word_1_111' title='bbox 983 1120 1055 1161; x_wconf 74' lang='lat' dir='ltr'>Ad</span> <span class='ocrx_word' id='word_1_112' title='bbox 1081 1136 1138 1160; x_wconf 75' lang='lat' dir='ltr'>un</span> <span class='ocrx_word' id='word_1_113' title='bbox 1161 1119 1350 1174; x_wconf 73' lang='lat' dir='ltr'>principe</span> <span class='ocrx_word' id='word_1_114' title='bbox 1381 1118 1526 1159; x_wconf 73' lang='lat' dir='ltr'>cattivo</span> <span class='ocrx_word' id='word_1_115' title='bbox 1562 1131 1644 1157; x_wconf 69' lang='lat' dir='ltr'>ozon</span> <span class='ocrx_word' id='word_1_116' title='bbox 1677 1117 1696 1157; x_wconf 73' lang='grc' dir='ltr'><strong>ὲ</strong></span> <span class='ocrx_word' id='word_1_117' title='bbox 1729 1115 1838 1156; x_wconf 78' lang='lat' dir='ltr'>altro</span> <span class='ocrx_word' id='word_1_118' title='bbox 1871 1115 2044 1156; x_wconf 75' lang='lat' dir='ltr'>remedio</span> 
     </span>
     <span class='ocr_line' id='line_1_15' title="bbox 451 1183 2046 1244; baseline -0.006 -12"><span class='ocrx_word' id='word_1_119' title='bbox 451 1191 517 1232; x_wconf 64' lang='lat' dir='ltr'>elie</span> <span class='ocrx_word' id='word_1_120' title='bbox 539 1190 570 1230; x_wconf 79' lang='lat' dir='ltr'>il</span> <span class='ocrx_word' id='word_1_121' title='bbox 578 1190 710 1244; x_wconf 76' lang='lat' dir='ltr'>ferro.</span> <span class='ocrx_word' id='word_1_122' title='bbox 773 1188 814 1229; x_wconf 82' lang='lat' dir='ltr'><strong><em>A</em></strong></span> <span class='ocrx_word' id='word_1_123' title='bbox 837 1204 983 1230; x_wconf 78' lang='lat' dir='ltr'>curare</span> <span class='ocrx_word' id='word_1_124' title='bbox 1004 1188 1039 1228; x_wconf 84' lang='lat' dir='ltr'>Ze</span> <span class='ocrx_word' id='word_1_125' title='bbox 1058 1187 1249 1228; x_wconf 74' lang='lat' dir='ltr'>malattia</span> <span class='ocrx_word' id='word_1_126' title='bbox 1270 1186 1335 1227; x_wconf 75' lang='lat' dir='ltr'>del</span> <span class='ocrx_word' id='word_1_127' title='bbox 1359 1185 1514 1240; x_wconf 80' lang='lat' dir='ltr'>popolo</span> <span class='ocrx_word' id='word_1_128' title='bbox 1549 1185 1716 1224; x_wconf 63' lang='lat' dir='ltr'>basiano</span> <span class='ocrx_word' id='word_1_129' title='bbox 1754 1183 1788 1224; x_wconf 82' lang='lat' dir='ltr'>Ze</span> <span class='ocrx_word' id='word_1_130' title='bbox 1818 1183 1962 1238; x_wconf 78' lang='lat' dir='ltr'>parole</span> <span class='ocrx_word' id='word_1_131' title='bbox 1976 1200 1989 1231; x_wconf 89' lang='grc'>,·</span> <span class='ocrx_word' id='word_1_132' title='bbox 2020 1197 2046 1222; x_wconf 80' lang='grc' dir='ltr'><em>α</em></span> 
     </span>
     <span class='ocr_line' id='line_1_16' title="bbox 451 1251 2044 1314; baseline -0.006 -15"><span class='ocrx_word' id='word_1_133' title='bbox 451 1258 585 1314; x_wconf 78' lang='lat' dir='ltr'>quella</span> <span class='ocrx_word' id='word_1_134' title='bbox 605 1258 671 1299; x_wconf 77' lang='lat' dir='ltr'>del</span> <span class='ocrx_word' id='word_1_135' title='bbox 685 1258 875 1313; x_wconf 72' lang='lat' dir='ltr'>principe</span> <span class='ocrx_word' id='word_1_136' title='bbox 897 1256 1060 1310; x_wconf 69' lang='lat' dir='ltr'>bisofflza</span> <span class='ocrx_word' id='word_1_137' title='bbox 1081 1255 1114 1295; x_wconf 78' lang='lat' dir='ltr'>il</span> <span class='ocrx_word' id='word_1_138' title='bbox 1137 1255 1266 1309; x_wconf 81' lang='lat' dir='ltr'>ferro.</span> <span class='ocrx_word' id='word_1_139' title='bbox 1328 1252 1593 1294; x_wconf 63' lang='lat' dir='ltr'>Maeelzz&#39;avel.</span> <span class='ocrx_word' id='word_1_140' title='bbox 1616 1253 1784 1301; x_wconf 75' lang='lat' dir='ltr'>discors,</span> <span class='ocrx_word' id='word_1_141' title='bbox 1807 1267 1839 1292; x_wconf 81' lang='grc'>6.</span> <span class='ocrx_word' id='word_1_142' title='bbox 1862 1252 1932 1304; x_wconf 83' lang='grc'>58,</span> <span class='ocrx_word' id='word_1_143' title='bbox 1957 1251 1983 1291; x_wconf 77' lang='grc' dir='ltr'>Ζ.</span> <span class='ocrx_word' id='word_1_144' title='bbox 2011 1253 2044 1290; x_wconf 93' lang='lat' dir='ltr'>l.</span> 
     </span>
    </p>

    <p class='ocr_par' dir='ltr' id='par_1_7' title="bbox 454 1318 2048 1582">
     <span class='ocr_line' id='line_1_17' title="bbox 511 1318 2047 1380; baseline -0.004 -14"><span class='ocrx_word' id='word_1_145' title='bbox 511 1325 600 1366; x_wconf 90' lang='lat' dir='ltr'>Nec</span> <span class='ocrx_word' id='word_1_146' title='bbox 630 1325 919 1380; x_wconf 84' lang='lat' dir='ltr'>imperatorem</span> <span class='ocrx_word' id='word_1_147' title='bbox 952 1322 1195 1378; x_wconf 87' lang='lat' dir='ltr'>perpetratis</span> <span class='ocrx_word' id='word_1_148' title='bbox 1228 1320 1399 1376; x_wconf 72' lang='lat' dir='ltr'>flagitiis</span> <span class='ocrx_word' id='word_1_149' title='bbox 1431 1335 1578 1374; x_wconf 84' lang='lat' dir='ltr'>urgere</span> <span class='ocrx_word' id='word_1_150' title='bbox 1614 1327 1807 1360; x_wconf 88' lang='lat' dir='ltr'>metuunt</span> <span class='ocrx_word' id='word_1_151' title='bbox 1841 1318 2047 1375; x_wconf 81' lang='lat' dir='ltr'>principes</span> 
     </span>
     <span class='ocr_line' id='line_1_18' title="bbox 455 1388 2048 1448; baseline -0.004 -13"><span class='ocrx_word' id='word_1_152' title='bbox 455 1393 702 1444; x_wconf 85' lang='lat' dir='ltr'>Germaniae,</span> <span class='ocrx_word' id='word_1_153' title='bbox 725 1408 807 1448; x_wconf 88' lang='lat' dir='ltr'>quo</span> <span class='ocrx_word' id='word_1_154' title='bbox 840 1391 1007 1448; x_wconf 87' lang='lat' dir='ltr'>quidem</span> <span class='ocrx_word' id='word_1_155' title='bbox 1038 1406 1113 1432; x_wconf 87' lang='lat' dir='ltr'>rex</span> <span class='ocrx_word' id='word_1_156' title='bbox 1149 1390 1284 1446; x_wconf 89' lang='lat' dir='ltr'>quivis</span> <span class='ocrx_word' id='word_1_157' title='bbox 1319 1389 1544 1444; x_wconf 83' lang='lat' dir='ltr'>Europaeus</span> <span class='ocrx_word' id='word_1_158' title='bbox 1580 1403 1712 1444; x_wconf 84' lang='lat' dir='ltr'>neque</span> <span class='ocrx_word' id='word_1_159' title='bbox 1748 1388 1879 1442; x_wconf 83' lang='lat' dir='ltr'>major</span> <span class='ocrx_word' id='word_1_160' title='bbox 1915 1402 2048 1443; x_wconf 89' lang='lat' dir='ltr'>neque</span> 
     </span>
     <span class='ocr_line' id='line_1_19' title="bbox 454 1455 2048 1516; baseline -0.005 -13"><span class='ocrx_word' id='word_1_161' title='bbox 454 1462 635 1503; x_wconf 84' lang='lat' dir='ltr'>sanctior</span> <span class='ocrx_word' id='word_1_162' title='bbox 670 1468 805 1516; x_wconf 88' lang='lat' dir='ltr'>potest</span> <span class='ocrx_word' id='word_1_163' title='bbox 840 1475 937 1510; x_wconf 88' lang='lat' dir='ltr'>esse,</span> <span class='ocrx_word' id='word_1_164' title='bbox 974 1475 1026 1500; x_wconf 90' lang='lat' dir='ltr'>ne</span> <span class='ocrx_word' id='word_1_165' title='bbox 1062 1459 1152 1514; x_wconf 86' lang='lat' dir='ltr'>quis</span> <span class='ocrx_word' id='word_1_166' title='bbox 1186 1457 1343 1498; x_wconf 86' lang='lat' dir='ltr'>facinus</span> <span class='ocrx_word' id='word_1_167' title='bbox 1376 1472 1460 1498; x_wconf 87' lang='lat' dir='ltr'>esse</span> <span class='ocrx_word' id='word_1_168' title='bbox 1496 1464 1615 1511; x_wconf 84' lang='lat' dir='ltr'>putet</span> <span class='ocrx_word' id='word_1_169' title='bbox 1647 1471 1788 1512; x_wconf 83' lang='lat' dir='ltr'>regem</span> <span class='ocrx_word' id='word_1_170' title='bbox 1822 1457 1955 1511; x_wconf 83' lang='lat' dir='ltr'>justas</span> <span class='ocrx_word' id='word_1_171' title='bbox 1995 1455 2048 1497; x_wconf 89' lang='lat' dir='ltr'>ob</span> 
     </span>
     <span class='ocr_line' id='line_1_20' title="bbox 454 1524 1816 1582; baseline -0.004 -12"><span class='ocrx_word' id='word_1_172' title='bbox 454 1544 593 1570; x_wconf 82' lang='lat' dir='ltr'>causas</span> <span class='ocrx_word' id='word_1_173' title='bbox 615 1527 944 1569; x_wconf 87' lang='lat' dir='ltr'>accusationibus</span> <span class='ocrx_word' id='word_1_174' title='bbox 966 1535 1170 1582; x_wconf 86' lang='lat' dir='ltr'>appetere.</span> <span class='ocrx_word' id='word_1_175' title='bbox 1231 1525 1344 1567; x_wconf 89' lang='lat' dir='ltr'>Vide</span> <span class='ocrx_word' id='word_1_176' title='bbox 1366 1524 1554 1574; x_wconf 76' lang='lat' dir='ltr'>Sleidcm,</span> <span class='ocrx_word' id='word_1_177' title='bbox 1576 1524 1603 1565; x_wconf 90' lang='grc'>1.</span> <span class='ocrx_word' id='word_1_178' title='bbox 1631 1527 1697 1574; x_wconf 89' lang='grc'>18,</span> <span class='ocrx_word' id='word_1_179' title='bbox 1720 1527 1816 1565; x_wconf 83' lang='grc'>299.</span> 
     </span>
    </p>

    <p class='ocr_par' dir='ltr' id='par_1_8' title="bbox 457 1591 2052 1788">
     <span class='ocr_line' id='line_1_21' title="bbox 515 1591 2049 1652; baseline -0.005 -14"><span class='ocrx_word' id='word_1_180' title='bbox 515 1597 660 1639; x_wconf 88' lang='lat' dir='ltr'>Vitam</span> <span class='ocrx_word' id='word_1_181' title='bbox 686 1595 922 1652; x_wconf 86' lang='lat' dir='ltr'>principum</span> <span class='ocrx_word' id='word_1_182' title='bbox 944 1609 1215 1635; x_wconf 85' lang='lat' dir='ltr'>aerumnosam</span> <span class='ocrx_word' id='word_1_183' title='bbox 1237 1601 1278 1634; x_wconf 88' lang='lat' dir='ltr'>et</span> <span class='ocrx_word' id='word_1_184' title='bbox 1299 1600 1498 1648; x_wconf 91' lang='lat' dir='ltr'>perpetuo</span> <span class='ocrx_word' id='word_1_185' title='bbox 1520 1591 1737 1632; x_wconf 86' lang='lat' dir='ltr'>sollicitam</span> <span class='ocrx_word' id='word_1_186' title='bbox 1759 1591 1884 1632; x_wconf 87' lang='lat' dir='ltr'>etiam</span> <span class='ocrx_word' id='word_1_187' title='bbox 1907 1606 2049 1632; x_wconf 86' lang='lat' dir='ltr'>eorum</span> 
     </span>
     <span class='ocr_line' id='line_1_22' title="bbox 457 1658 2052 1720; baseline -0.004 -15"><span class='ocrx_word' id='word_1_188' title='bbox 457 1664 529 1720; x_wconf 90' lang='lat' dir='ltr'>qui</span> <span class='ocrx_word' id='word_1_189' title='bbox 544 1680 631 1705; x_wconf 91' lang='lat' dir='ltr'>rem</span> <span class='ocrx_word' id='word_1_190' title='bbox 648 1663 817 1719; x_wconf 89' lang='lat' dir='ltr'>propius</span> <span class='ocrx_word' id='word_1_191' title='bbox 834 1678 917 1703; x_wconf 88' lang='lat' dir='ltr'>non</span> <span class='ocrx_word' id='word_1_192' title='bbox 936 1661 1209 1711; x_wconf 82' lang='lat' dir='ltr'>intuentibus,</span> <span class='ocrx_word' id='word_1_193' title='bbox 1226 1660 1362 1701; x_wconf 90' lang='lat' dir='ltr'>felices</span> <span class='ocrx_word' id='word_1_194' title='bbox 1376 1660 1586 1710; x_wconf 87' lang='lat' dir='ltr'>videntur,</span> <span class='ocrx_word' id='word_1_195' title='bbox 1603 1658 1797 1700; x_wconf 84' lang='lat' dir='ltr'>describit</span> <span class='ocrx_word' id='word_1_196' title='bbox 1820 1659 2052 1700; x_wconf 79' lang='lat' dir='ltr'>Cominaeus</span> 
     </span>
     <span class='ocr_line' id='line_1_23' title="bbox 457 1727 1801 1788; baseline -0.006 -14"><span class='ocrx_word' id='word_1_197' title='bbox 457 1733 570 1774; x_wconf 87' lang='lat' dir='ltr'>testis</span> <span class='ocrx_word' id='word_1_198' title='bbox 591 1747 768 1788; x_wconf 84' lang='lat' dir='ltr'>persaepe</span> <span class='ocrx_word' id='word_1_199' title='bbox 790 1731 987 1772; x_wconf 86' lang='lat' dir='ltr'>oculatus.</span> <span class='ocrx_word' id='word_1_200' title='bbox 1058 1729 1255 1776; x_wconf 75' lang='lat' dir='ltr'>Comines,</span> <span class='ocrx_word' id='word_1_201' title='bbox 1278 1728 1306 1769; x_wconf 92' lang='lat' dir='ltr'>l.</span> <span class='ocrx_word' id='word_1_202' title='bbox 1330 1732 1370 1779; x_wconf 88' lang='lat'>8,</span> <span class='ocrx_word' id='word_1_203' title='bbox 1393 1743 1427 1768; x_wconf 93' lang='grc'>6.</span> <span class='ocrx_word' id='word_1_204' title='bbox 1454 1731 1519 1776; x_wconf 84' lang='grc'>13,</span> <span class='ocrx_word' id='word_1_205' title='bbox 1542 1743 1582 1782; x_wconf 91' lang='lat' dir='ltr'>p.</span> <span class='ocrx_word' id='word_1_206' title='bbox 1606 1730 1704 1776; x_wconf 85' lang='lat'>684,</span> <span class='ocrx_word' id='word_1_207' title='bbox 1728 1727 1801 1768; x_wconf 62' lang='lat' dir='ltr'>&amp;e</span> 
     </span>
    </p>

    <p class='ocr_par' dir='ltr' id='par_1_9' title="bbox 458 1793 2058 2130">
     <span class='ocr_line' id='line_1_24' title="bbox 516 1793 2053 1852; baseline -0.006 -9"><span class='ocrx_word' id='word_1_208' title='bbox 516 1802 581 1843; x_wconf 91' lang='lat' dir='ltr'>De</span> <span class='ocrx_word' id='word_1_209' title='bbox 602 1798 844 1842; x_wconf 64' lang='lat' dir='ltr'>monarchia</span> <span class='ocrx_word' id='word_1_210' title='bbox 867 1798 1025 1841; x_wconf 64' lang='lat' dir='ltr'>Gallica</span> <span class='ocrx_word' id='word_1_211' title='bbox 1056 1797 1107 1838; x_wconf 89' lang='lat' dir='ltr'>ad</span> <span class='ocrx_word' id='word_1_212' title='bbox 1138 1796 1403 1852; x_wconf 86' lang='lat' dir='ltr'>tyrannidem</span> <span class='ocrx_word' id='word_1_213' title='bbox 1440 1795 1659 1836; x_wconf 86' lang='lat' dir='ltr'>Turcicam</span> <span class='ocrx_word' id='word_1_214' title='bbox 1693 1793 1920 1849; x_wconf 61' lang='lat' dir='ltr'>redigenda</span> <span class='ocrx_word' id='word_1_215' title='bbox 1953 1809 2053 1835; x_wconf 91' lang='lat' dir='ltr'>con-</span> 
     </span>
     <span class='ocr_line' id='line_1_25' title="bbox 458 1862 2058 1921; baseline -0.006 -10"><span class='ocrx_word' id='word_1_216' title='bbox 458 1871 597 1912; x_wconf 88' lang='lat' dir='ltr'>silium</span> <span class='ocrx_word' id='word_1_217' title='bbox 627 1869 758 1910; x_wconf 86' lang='lat' dir='ltr'>Blesis</span> <span class='ocrx_word' id='word_1_218' title='bbox 792 1869 914 1909; x_wconf 81' lang='lat' dir='ltr'>fuisse</span> <span class='ocrx_word' id='word_1_219' title='bbox 942 1867 1093 1908; x_wconf 90' lang='lat' dir='ltr'>initum</span> <span class='ocrx_word' id='word_1_220' title='bbox 1126 1881 1149 1906; x_wconf 87' lang='lat' dir='ltr'>a</span> <span class='ocrx_word' id='word_1_221' title='bbox 1180 1880 1277 1921; x_wconf 82' lang='lat' dir='ltr'>rege</span> <span class='ocrx_word' id='word_1_222' title='bbox 1310 1864 1400 1905; x_wconf 88' lang='lat' dir='ltr'>Car.</span> <span class='ocrx_word' id='word_1_223' title='bbox 1435 1867 1458 1904; x_wconf 92' lang='lat'>9</span> <span class='ocrx_word' id='word_1_224' title='bbox 1487 1862 1633 1918; x_wconf 63' lang='lat' dir='ltr'>regina</span> <span class='ocrx_word' id='word_1_225' title='bbox 1660 1870 1790 1903; x_wconf 87' lang='lat' dir='ltr'>matre</span> <span class='ocrx_word' id='word_1_226' title='bbox 1815 1862 1905 1902; x_wconf 88' lang='lat' dir='ltr'>aliis</span> <span class='ocrx_word' id='word_1_227' title='bbox 1931 1862 2058 1902; x_wconf 83' lang='lat' dir='ltr'>tradit</span> 
     </span>
     <span class='ocr_line' id='line_1_26' title="bbox 467 1930 2055 1990; baseline -0.006 -11"><span class='ocrx_word' id='word_1_228' title='bbox 467 1939 691 1980; x_wconf 73' lang='lat' dir='ltr'>leucmus:</span> <span class='ocrx_word' id='word_1_229' title='bbox 743 1945 785 1978; x_wconf 91' lang='lat' dir='ltr'>et</span> <span class='ocrx_word' id='word_1_230' title='bbox 827 1937 1005 1977; x_wconf 88' lang='lat' dir='ltr'>rationes</span> <span class='ocrx_word' id='word_1_231' title='bbox 1046 1935 1133 1990; x_wconf 80' lang='lat' dir='ltr'>ejus</span> <span class='ocrx_word' id='word_1_232' title='bbox 1175 1933 1234 1975; x_wconf 87' lang='lat' dir='ltr'>rei</span> <span class='ocrx_word' id='word_1_233' title='bbox 1273 1931 1534 1989; x_wconf 76' lang='lat' dir='ltr'>perficiendae</span> <span class='ocrx_word' id='word_1_234' title='bbox 1574 1946 1647 1986; x_wconf 86' lang='lat' dir='ltr'>per</span> <span class='ocrx_word' id='word_1_235' title='bbox 1687 1946 1782 1971; x_wconf 82' lang='lat' dir='ltr'>sane</span> <span class='ocrx_word' id='word_1_236' title='bbox 1819 1930 2055 1976; x_wconf 84' lang='lat' dir='ltr'>commodas</span> 
     </span>
     <span class='ocr_line' id='line_1_27' title="bbox 461 2000 2056 2062; baseline -0.006 -14"><span class='ocrx_word' id='word_1_237' title='bbox 461 2023 484 2048; x_wconf 87' lang='lat' dir='ltr'>a</span> <span class='ocrx_word' id='word_1_238' title='bbox 526 2007 709 2048; x_wconf 84' lang='lat' dir='ltr'>Ponceto</span> <span class='ocrx_word' id='word_1_239' title='bbox 751 2006 929 2062; x_wconf 87' lang='lat' dir='ltr'>quodam</span> <span class='ocrx_word' id='word_1_240' title='bbox 972 2005 1197 2061; x_wconf 83' lang='lat' dir='ltr'>explicatas</span> <span class='ocrx_word' id='word_1_241' title='bbox 1238 2003 1326 2044; x_wconf 72' lang='lat' dir='ltr'>fuse</span> <span class='ocrx_word' id='word_1_242' title='bbox 1368 2008 1518 2042; x_wconf 84' lang='lat' dir='ltr'>narrat.</span> <span class='ocrx_word' id='word_1_243' title='bbox 1583 2000 1694 2050; x_wconf 89' lang='lat' dir='ltr'>Hist,</span> <span class='ocrx_word' id='word_1_244' title='bbox 1732 2000 1757 2041; x_wconf 92' lang='grc'>1.</span> <span class='ocrx_word' id='word_1_245' title='bbox 1794 2001 1862 2050; x_wconf 87' lang='lat'>57,</span> <span class='ocrx_word' id='word_1_246' title='bbox 1895 2015 1932 2055; x_wconf 91' lang='lat' dir='ltr'>p.</span> <span class='ocrx_word' id='word_1_247' title='bbox 1959 2001 2056 2042; x_wconf 86' lang='lat'>970.</span> 
     </span>
     <span class='ocr_line' id='line_1_28' title="bbox 469 2076 610 2130; baseline 0 0"><span class='ocrx_word' id='word_1_248' title='bbox 469 2076 610 2130; x_wconf 72' lang='lat' dir='ltr'>[xxv-i</span> 
     </span>
    </p>

    <p class='ocr_par' dir='ltr' id='par_1_10' title="bbox 465 2134 2058 2325">
     <span class='ocr_line' id='line_1_29' title="bbox 521 2134 2057 2198; baseline -0.007 -14"><span class='ocrx_word' id='word_1_249' title='bbox 521 2143 656 2198; x_wconf 79' lang='lat' dir='ltr'>Reges</span> <span class='ocrx_word' id='word_1_250' title='bbox 677 2158 699 2183; x_wconf 90' lang='lat' dir='ltr'>a</span> <span class='ocrx_word' id='word_1_251' title='bbox 719 2142 894 2183; x_wconf 90' lang='lat' dir='ltr'>subditis</span> <span class='ocrx_word' id='word_1_252' title='bbox 915 2148 1117 2197; x_wconf 87' lang='lat' dir='ltr'>potestate</span> <span class='ocrx_word' id='word_1_253' title='bbox 1139 2139 1257 2181; x_wconf 86' lang='lat' dir='ltr'>exuti</span> <span class='ocrx_word' id='word_1_254' title='bbox 1279 2146 1351 2180; x_wconf 89' lang='lat' dir='ltr'>aut</span> <span class='ocrx_word' id='word_1_255' title='bbox 1371 2137 1539 2187; x_wconf 88' lang='lat' dir='ltr'>minuti,</span> <span class='ocrx_word' id='word_1_256' title='bbox 1571 2135 1687 2177; x_wconf 66' lang='lat' dir='ltr'>nulla</span> <span class='ocrx_word' id='word_1_257' title='bbox 1722 2134 2057 2176; x_wconf 81' lang='lat' dir='ltr'>reconciliatione</span> 
     </span>
     <span class='ocr_line' id='line_1_30' title="bbox 465 2202 2058 2266; baseline -0.006 -14"><span class='ocrx_word' id='word_1_258' title='bbox 465 2227 516 2252; x_wconf 91' lang='lat' dir='ltr'>ne</span> <span class='ocrx_word' id='word_1_259' title='bbox 536 2210 781 2266; x_wconf 85' lang='lat' dir='ltr'>interposito</span> <span class='ocrx_word' id='word_1_260' title='bbox 803 2210 971 2265; x_wconf 90' lang='lat' dir='ltr'>quidem</span> <span class='ocrx_word' id='word_1_261' title='bbox 989 2210 1226 2263; x_wconf 84' lang='lat' dir='ltr'>juramento</span> <span class='ocrx_word' id='word_1_262' title='bbox 1247 2214 1387 2262; x_wconf 86' lang='lat' dir='ltr'>postea</span> <span class='ocrx_word' id='word_1_263' title='bbox 1408 2206 1639 2261; x_wconf 81' lang='lat' dir='ltr'>placantur,</span> <span class='ocrx_word' id='word_1_264' title='bbox 1662 2202 1851 2258; x_wconf 80' lang='lat' dir='ltr'>exempla</span> <span class='ocrx_word' id='word_1_265' title='bbox 1883 2202 2058 2244; x_wconf 86' lang='lat' dir='ltr'>recentis</span> 
     </span>
     <span class='ocr_line' id='line_1_31' title="bbox 466 2275 1461 2325; baseline -0.006 -5"><span class='ocrx_word' id='word_1_266' title='bbox 466 2280 672 2321; x_wconf 63' lang='lat' dir='ltr'>memoriae</span> <span class='ocrx_word' id='word_1_267' title='bbox 693 2286 852 2320; x_wconf 82' lang='lat' dir='ltr'>extant.</span> <span class='ocrx_word' id='word_1_268' title='bbox 920 2278 1077 2318; x_wconf 71' lang='lat' dir='ltr'>Thumi.</span> <span class='ocrx_word' id='word_1_269' title='bbox 1099 2276 1196 2317; x_wconf 87' lang='lat' dir='ltr'>hist.</span> <span class='ocrx_word' id='word_1_270' title='bbox 1218 2275 1246 2316; x_wconf 95' lang='grc'>1.</span> <span class='ocrx_word' id='word_1_271' title='bbox 1271 2276 1339 2325; x_wconf 84' lang='grc'>71,</span> <span class='ocrx_word' id='word_1_272' title='bbox 1362 2277 1461 2314; x_wconf 83' lang='lat'>423.</span> 
     </span>
    </p>
   </div>
   <div class='ocr_carea' id='block_1_5' title="bbox 1062 2433 1464 2488">
    <p class='ocr_par' dir='ltr' id='par_1_11' title="bbox 1062 2433 1464 2488">
     <span class='ocr_line' id='line_1_32' title="bbox 1062 2433 1464 2488; baseline -0.005 -13"><span class='ocrx_word' id='word_1_273' title='bbox 1062 2435 1155 2476; x_wconf 66' lang='lat' dir='ltr'>Rex</span> <span class='ocrx_word' id='word_1_274' title='bbox 1176 2433 1373 2488; x_wconf 71' lang='lat' dir='ltr'>Angyliece,</span> <span class='ocrx_word' id='word_1_275' title='bbox 1399 2434 1464 2485; x_wconf 65' lang='grc'>(3·6.</span> 
     </span>
    </p>
   </div>
   <div class='ocr_carea' id='block_1_6' title="bbox 468 2527 2062 2744">
    <p class='ocr_par' dir='ltr' id='par_1_12' title="bbox 468 2527 2062 2744">
     <span class='ocr_line' id='line_1_33' title="bbox 528 2527 2062 2608; baseline -0.007 -15"><span class='ocrx_word' id='word_1_276' title='bbox 528 2552 606 2594; x_wconf 84' lang='grc'>1115</span> <span class='ocrx_word' id='word_1_277' title='bbox 627 2551 741 2608; x_wconf 81' lang='lat' dir='ltr'>right</span> <span class='ocrx_word' id='word_1_278' title='bbox 764 2560 805 2592; x_wconf 89' lang='lat' dir='ltr'>to</span> <span class='ocrx_word' id='word_1_279' title='bbox 828 2551 1002 2601; x_wconf 85' lang='lat' dir='ltr'>France,</span> <span class='ocrx_word' id='word_1_280' title='bbox 1024 2549 1107 2590; x_wconf 85' lang='lat' dir='ltr'>and</span> <span class='ocrx_word' id='word_1_281' title='bbox 1128 2549 1199 2590; x_wconf 90' lang='lat' dir='ltr'>the</span> <span class='ocrx_word' id='word_1_282' title='bbox 1222 2546 1433 2589; x_wconf 75' lang='lat' dir='ltr'>salsehood</span> <span class='ocrx_word' id='word_1_283' title='bbox 1454 2545 1502 2586; x_wconf 86' lang='lat' dir='ltr'>of</span> <span class='ocrx_word' id='word_1_284' title='bbox 1516 2545 1587 2586; x_wconf 90' lang='lat' dir='ltr'>the</span> <span class='ocrx_word' id='word_1_285' title='bbox 1611 2544 1751 2586; x_wconf 85' lang='lat' dir='ltr'>Salick</span> <span class='ocrx_word' id='word_1_286' title='bbox 1776 2544 1852 2585; x_wconf 84' lang='lat' dir='ltr'>law</span> <span class='ocrx_word' id='word_1_287' title='bbox 1874 2527 2062 2598; x_wconf 77' lang='lat' dir='ltr'>showing</span> 
     </span>
     <span class='ocr_line' id='line_1_34' title="bbox 468 2611 2062 2672; baseline -0.006 -11"><span class='ocrx_word' id='word_1_288' title='bbox 468 2621 563 2661; x_wconf 89' lang='lat' dir='ltr'>how</span> <span class='ocrx_word' id='word_1_289' title='bbox 586 2620 721 2661; x_wconf 85' lang='lat' dir='ltr'>divers</span> <span class='ocrx_word' id='word_1_290' title='bbox 746 2620 816 2660; x_wconf 86' lang='lat' dir='ltr'>K’s</span> <span class='ocrx_word' id='word_1_291' title='bbox 839 2619 886 2660; x_wconf 88' lang='lat' dir='ltr'>of</span> <span class='ocrx_word' id='word_1_292' title='bbox 902 2619 1059 2659; x_wconf 87' lang='lat' dir='ltr'>France</span> <span class='ocrx_word' id='word_1_293' title='bbox 1081 2633 1196 2659; x_wconf 83' lang='lat' dir='ltr'>came</span> <span class='ocrx_word' id='word_1_294' title='bbox 1217 2617 1260 2656; x_wconf 89' lang='lat' dir='ltr'>in</span> <span class='ocrx_word' id='word_1_295' title='bbox 1281 2616 1338 2672; x_wconf 88' lang='lat' dir='ltr'>by</span> <span class='ocrx_word' id='word_1_296' title='bbox 1359 2615 1430 2656; x_wconf 90' lang='lat' dir='ltr'>the</span> <span class='ocrx_word' id='word_1_297' title='bbox 1453 2613 1600 2656; x_wconf 82' lang='lat' dir='ltr'>female</span> <span class='ocrx_word' id='word_1_298' title='bbox 1622 2613 1722 2655; x_wconf 86' lang='lat' dir='ltr'>side.</span> <span class='ocrx_word' id='word_1_299' title='bbox 1776 2612 1852 2654; x_wconf 86' lang='lat' dir='ltr'>See</span> <span class='ocrx_word' id='word_1_300' title='bbox 1869 2611 2062 2653; x_wconf 76' lang='lat' dir='ltr'>Ilolinslz.</span> 
     </span>
     <span class='ocr_line' id='line_1_35' title="bbox 475 2684 1598 2744; baseline -0.006 -14"><span class='ocrx_word' id='word_1_301' title='bbox 475 2690 581 2730; x_wconf 87' lang='grc'>11611.</span> <span class='ocrx_word' id='word_1_302' title='bbox 605 2693 644 2740; x_wconf 86' lang='grc'>5,</span> <span class='ocrx_word' id='word_1_303' title='bbox 667 2705 707 2744; x_wconf 91' lang='lat' dir='ltr'>p.</span> <span class='ocrx_word' id='word_1_304' title='bbox 731 2692 828 2740; x_wconf 72' lang='lat'>545,</span> <span class='ocrx_word' id='word_1_305' title='bbox 853 2691 952 2739; x_wconf 76' lang='lat'>546,</span> <span class='ocrx_word' id='word_1_306' title='bbox 975 2687 1056 2728; x_wconf 88' lang='lat' dir='ltr'>and</span> <span class='ocrx_word' id='word_1_307' title='bbox 1080 2686 1214 2741; x_wconf 72' lang='lat' dir='ltr'>Speecl</span> <span class='ocrx_word' id='word_1_308' title='bbox 1236 2685 1277 2725; x_wconf 88' lang='lat' dir='ltr'>in</span> <span class='ocrx_word' id='word_1_309' title='bbox 1302 2684 1412 2725; x_wconf 87' lang='grc'>11611.</span> <span class='ocrx_word' id='word_1_310' title='bbox 1435 2686 1475 2733; x_wconf 89' lang='grc'>5,</span> <span class='ocrx_word' id='word_1_311' title='bbox 1499 2685 1598 2724; x_wconf 88' lang='grc'>638.</span> 
     </span>
    </p>
   </div>
  </div>
 </body>
</html>
