2437 3149
342 1144 412 1184 112

468 302 514 340 16
981 315 1010 342 A
1033 314 1398 344 COMMONPLACE
1425 315 1553 343 BOOK

520 414 630 455 Hinc
652 415 851 457 credibile
873 424 932 457 est
954 416 1065 472 quod
1097 416 1147 457 de
1181 416 1412 457 Athanasio
1434 416 1625 466 traditur,
1647 431 1822 472 puerum
1845 415 1930 456 scil.
1952 415 2060 456 inter

457 498 603 538 pueros
643 485 880 540 episcopum
923 485 1052 541 egisse
1094 500 1324 541 puerosque
1374 485 1418 525 in
1466 485 1588 525 maris
1633 485 1773 525 littore
1823 485 2059 540 baptIZasse.

458 550 613 592 Socrat.
678 551 787 593 Hist.
816 552 971 593 Eccles.
994 553 1021 593 1.
1049 556 1084 602 1,
1108 568 1142 593 c.
1172 556 1235 594 11.

515 619 601 660 Not
634 628 676 660 to
711 620 872 670 labour,
895 636 937 661 as
972 628 1078 661 most
1111 636 1205 661 men
1241 620 1333 669 doe,
1360 628 1399 660 to
1430 620 1550 661 make
1583 619 1697 661 them
1731 619 1831 661 bold
1864 618 1947 659 and
1967 628 2059 675 pert

456 687 579 728 while
620 688 720 744 they
754 704 821 729 are
862 704 1021 744 young,
1060 688 1198 730 which
1235 689 1373 744 ripens
1413 689 1528 729 them
1564 696 1634 729 too
1676 703 1796 738 soon;
1843 686 1926 728 and
1967 695 2058 728 true

455 755 625 796 boldnes
659 755 740 797 and
774 756 893 812 spirit
927 757 960 797 is
980 764 1055 797 not
1088 757 1189 797 bred
1223 757 1300 798 but
1333 756 1381 797 of
1407 764 1605 798 vertuous
1639 771 1792 807 causeS,
1816 754 1956 797 which
1989 770 2057 795 are

454 824 649 880 wrought
685 824 728 864 in
765 824 879 865 them
917 825 972 878 by
1006 825 1124 865 sober
1160 824 1399 880 discipline:
1445 832 1488 865 to
1528 824 1609 865 this
1641 839 1819 880 purpose
1861 823 2055 872 Cluacar,

451 892 653 948 speaking
686 893 735 933 of
763 892 884 934 feasts
919 893 1001 934 and
1038 893 1186 934 revells
1221 893 1304 934 and
1334 893 1528 944 daunces,
1552 893 1692 934 “such
1723 892 1868 948 things
1903 893 2055 933 maken

450 960 637 1002 children
661 961 724 1001 for
747 970 789 1002 to
811 962 861 1003 be
883 970 952 1002 too
974 976 1074 1002 soon
1100 961 1189 1017 ripe
1211 961 1294 1002 and
1324 961 1436 1010 bold,
1460 976 1502 1002 as
1524 977 1619 1002 men
1640 976 1736 1016 may
1759 976 1838 1011 see,
1864 960 2000 1002 which
2022 960 2056 1001 is

450 1027 526 1068 full
548 1028 785 1084 pe1·illouS,''
809 1029 882 1070 &c
947 1028 1105 1070 Doctor
1127 1028 1174 1069 of
1192 1028 1302 1070 Phis.
1327 1029 1423 1079 tale,
1446 1028 1517 1069 fol.
1542 1032 1609 1070 58.

981 1144 1049 1185 De
1069 1144 1274 1194 Divortz'c),
1298 1142 1394 1184 vide
1420 1145 1514 1183 116.

509 1232 559 1272 In
604 1232 766 1288 judicia
813 1233 1052 1274 translatam
1100 1249 1183 1275 esse
1234 1232 1405 1275 divortii
1451 1248 1613 1274 causam
1657 1234 1824 1276 videtur
1869 1249 1922 1275 ex
1973 1249 2055 1290 quo

452 1300 654 1342 Canonici
675 1301 837 1342 lucrum
864 1301 962 1343 inde
996 1311 1204 1357 reportare
1237 1302 1618 1358 authoritatemque
1652 1303 1902 1344 uberrimam
1937 1318 2054 1359 posse

452 1369 700 1411 didicerunt.
763 1369 875 1411 Hist.
908 1370 1063 1412 Concil.
1094 1372 1276 1412 Trident.
1299 1387 1338 1427 p.
1362 1372 1428 1414 67.
1495 1371 1579 1427 [x.]

513 1437 756 1489 Questiones
787 1439 1015 1480 innumerae
1051 1439 1102 1480 de
1143 1440 1334 1481 divortiis
1374 1440 1532 1481 incerta
1567 1440 1773 1481 solutione
1809 1448 2051 1482 tractantur.

459 1504 608 1547 Concil.
639 1508 822 1548 Trident.
846 1507 871 1548 1.
896 1510 936 1556 8,
961 1522 1001 1563 p,
1025 1509 1122 1559 729,
1144 1508 1217 1549 &a
1240 1515 1282 1548 et
1304 1511 1402 1562 737,
1427 1508 1499 1549 &e

509 1572 630 1614 Ritus
661 1574 817 1629 publici
839 1575 1074 1616 celebrandi
1106 1575 1362 1616 matrimonii
1394 1575 1536 1617 multis
1556 1584 1650 1629 post
1681 1578 1886 1633 apostolos
1907 1579 2054 1620 seculis

448 1641 677 1684 introduc-ti
699 1650 807 1684 sunt.
877 1643 1029 1685 Concil.
1055 1644 1168 1685 Trici.
1193 1644 1218 1685 1.
1243 1649 1282 1693 8,
1307 1645 1402 1686 772.

508 1710 648 1752 Causae
669 1711 994 1753 matrimoniales
1026 1711 1078 1753 ad
1111 1712 1278 1753 civilem
1312 1712 1603 1768 magistratum
1633 1713 1897 1768 pertinebant
1918 1715 2051 1770 prius-

448 1794 571 1834 quam
594 1779 857 1821 ecclesiastici
879 1795 951 1835 per
972 1779 1202 1821 socordiam
1234 1779 1470 1835 principum
1502 1795 1643 1820 earum
1668 1780 1830 1834 judicia
1852 1781 2053 1825 invasere.

455 1846 606 1888 Concil.
638 1848 819 1889 Triclent.
843 1847 869 1888 l.
893 1850 934 1898 8,
958 1847 1053 1889 772.
1113 1847 1248 1902 (Vide
1270 1847 1321 1888 de
1343 1847 1461 1888 bonis
1482 1847 1825 1904 ecclesiasticis.)a

508 1915 678 1956 Carolus
713 1916 890 1972 Magnus
921 1931 1095 1956 uxorem
1129 1915 1392 1956 Theodoram
1418 1915 1624 1972 repudiat,
1648 1932 1733 1957 non
1766 1917 1929 1958 reddita
1963 1918 2050 1973 ejus

448 1984 508 2025 rei
541 1984 734 2039 cuiquam
768 1983 937 2025 ratione.
1009 1983 1180 2035 Girard,
1204 1984 1314 2024 Hist.
1348 1984 1496 2025 Franc.
1522 1984 1547 2026 1.
1574 1987 1613 2034 3,
1636 2000 1674 2040 p.
1704 1988 1798 2036 146,
1829 1994 1870 2027 et
1903 1973 2050 2027 Hilde-

448 2051 624 2107 gardum
648 2051 782 2093 duxit.

509 2120 605 2159 Post
626 2119 977 2175 quinquennalem
1002 2119 1139 2159 mariti
1171 2119 1414 2169 absentiam,
1438 2119 1471 2160 si
1502 2119 1708 2161 incertum
1741 2121 1866 2162 suerit
1888 2121 1960 2162 ubi
1981 2122 2047 2173 sit,

448 2187 570 2228 uxori
607 2187 848 2228 conceditur
884 2202 978 2227 cum
1016 2186 1096 2227 alio
1138 2186 1305 2241 nuptias
1347 2188 1489 2228 facere.
1553 2187 1760 2229 Manuelis
1804 2188 2048 2231 Patriarchae

450 2254 764 2310 Constantinop.
789 2253 1018 2296 Sententia.
1078 2254 1159 2295 Jus
1182 2254 1518 2297 Graeco-It'oman.
1540 2269 1578 2310 p.
1605 2258 1700 2296 239.
1764 2255 1888 2297 Vixit
1909 2265 2046 2313 autem

448 2323 516 2364 hie
541 2322 777 2364 Patriarcha
799 2323 905 2363 circa
927 2338 990 2363 an.
1019 2325 1141 2363 1216.

507 2390 737 2446 Religionis
758 2390 878 2431 causa
895 2389 1122 2430 divortium
1147 2388 1235 2430 fieri
1257 2405 1371 2445 posse
1393 2390 1537 2431 statuit
1560 2390 1780 2434 Matthaeus
1802 2391 2048 2443 Monachus,

447 2460 533 2501 sive
556 2458 812 2500 orthodoxus
845 2458 904 2499 ita
926 2458 1017 2498 vult
1049 2473 1134 2498 non
1167 2465 1331 2498 tantum
1366 2457 1398 2499 si
1431 2458 1482 2499 ab
1504 2459 1633 2500 altero
1662 2459 1886 2511 deseratur,
1909 2461 1952 2501 111
1975 2461 2046 2503 1110

448 2527 557 2568 enim
603 2526 786 2582 negotio,
828 2541 912 2566 non
960 2525 1137 2580 simplex
1178 2523 1344 2566 ευδοκία
1388 2524 1568 2566 infidelis
1603 2526 1655 2567 ad
1697 2527 2043 2569 cohabitationem

448 2595 685 2651 requiritur,
720 2594 790 2636 sed
823 2594 1037 2649 utriusque
1075 2592 1320 2634 συνευδοκία
1355 2593 1581 2634 seeundum
1626 2594 1740 2635 Pauli
1778 2596 2044 2646 sententiam3

780 2688 793 2701 ‘¹
818 2683 891 2714 'rho
910 2683 978 2714 first
998 2683 1073 2713 four
1090 2683 1299 2724 paragraphs
1316 2693 1370 2714 are
1388 2682 1421 2713 in
1440 2683 1534 2713 small
1553 2683 1696 2724 writing.
