2437 3149
809 307 870 336 OF
894 305 1020 336 JOIIN
1043 304 1241 334 MUJJ‘ON.
1762 297 1814 334 33

284 410 369 452 But
389 409 540 452 ratifi’d
562 411 605 451 in
628 410 703 451 full
726 410 955 466 parlament
975 417 1017 450 at
1043 410 1154 452 Paris
1175 410 1230 465 by
1252 407 1368 449 oatlrs
1399 407 1447 448 of
1470 407 1524 448 all
1557 407 1628 448 the
1658 407 1813 449 nobles.

226 478 372 535 Speed,
394 495 434 534 p.
457 481 552 521 657.

283 547 374 588 Rex
397 547 538 589 Galliae
558 546 803 603 parlamenti
823 547 886 587 sui
907 547 1096 602 perpetui
1118 546 1293 587 decretis
1314 559 1454 601 parare
1485 559 1645 586 necesse
1672 544 1812 593 habet,

226 622 274 656 ut
305 615 447 657 scribit
487 616 686 658 Claudius
721 616 932 669 Sesellius,
967 615 1077 671 quod
1118 615 1187 656 ille
1228 615 1399 656 fraenum
1433 613 1542 669 regis
1577 620 1716 663 vocat3
1764 613 1814 653 de

225 683 367 738 repub.
394 682 546 725 Gallor.
568 683 594 723 1.
621 686 662 724 1:
695 682 744 723 ad
777 691 992 738 quaestores
1023 683 1148 724 etiam
1180 683 1367 739 publicos
1401 681 1578 722 rationes
1613 696 1814 736 expensa-

226 766 317 791 rum
339 751 545 807 regiarum
578 750 838 791 referuntur:
886 765 986 805 quas
1021 750 1082 790 illi
1115 758 1356 805 potestatem
1394 748 1610 790 minuendi
1646 749 1815 797 habent,

226 819 259 860 si
280 819 570 860 immoderatas
590 818 657 860 vel
678 819 845 859 inutiles
866 834 948 859 esse
970 819 1243 874 cognoverint
1261 835 1270 859 :
1302 817 1402 858 ibid.
1471 817 1629 871 [xxvi.]

287 887 377 928 The
396 886 547 928 wealth
569 886 616 927 of
630 886 700 927 the
724 886 874 928 Orown
896 885 1074 926 without
1095 885 1332 941 oppression
1355 885 1402 925 of
1427 885 1604 938 subjects
1637 900 1734 939 may
1767 885 1817 925 be

228 969 322 996 seen
344 954 389 995 in
410 954 481 996 the
502 969 705 1010 expences
726 953 864 994 which
889 954 936 1005 Q
974 953 1077 994 Eliz.
1110 968 1192 994 was
1227 961 1269 994 at
1304 953 1348 993 in
1381 953 1659 1008 maintaimng
1692 967 1819 992 warre

230 1023 331 1064 with
354 1023 428 1064 her
463 1023 620 1064 monies
655 1023 699 1063 in
734 1023 870 1063 divers
902 1022 1036 1078 places
1072 1022 1239 1072 abroad,
1276 1021 1357 1062 and
1394 1029 1435 1062 at
1467 1021 1538 1062 the
1574 1036 1683 1062 same
1719 1020 1819 1061 time

229 1092 386 1148 paying
407 1091 480 1133 her
501 1092 618 1133 clebts
638 1099 681 1132 at
701 1091 836 1132 home.
907 1091 1050 1133 Camcl.
1074 1090 1156 1130 vol.
1179 1093 1218 1137 2,
1242 1105 1280 1145 p.
1308 1093 1375 1130 20.

289 1161 484 1202 Mulieres
520 1176 543 1200 a
575 1160 741 1215 publica
774 1175 912 1200 rerum
949 1158 1305 1200 administratione
1339 1158 1452 1199 omni
1486 1157 1654 1199 excludi
1686 1156 1822 1197 solitas

227 1229 408 1270 ostendit
450 1228 543 1270 Lib.
580 1228 646 1270 cui
688 1228 812 1269 titulo
855 1226 960 1282 (sic)
998 1226 1316 1268 Franco-Gallia
1352 1226 1462 1282 apud
1511 1226 1667 1267 leuan.
1711 1225 1819 1265 Hist.

232 1298 260 1337 1.
283 1299 352 1348 57,
374 1313 413 1353 p.
437 1300 532 1340 969.

289 1367 419 1409 Victu
441 1367 604 1408 modico
625 1381 709 1408 esse
731 1381 870 1422 regem
893 1365 1037 1406 decere
1058 1363 1236 1405 dicerem
1260 1363 1340 1404 nisi
1372 1363 1483 1419 apud
1526 1362 1822 1417 Cuspz'nianum

230 1437 425 1493 legerem,
449 1436 630 1477 Francos
651 1450 734 1476 non
757 1435 861 1475 ferre
881 1449 1021 1490 regem
1054 1433 1126 1489 qui
1164 1436 1216 1473 10
1249 1431 1456 1473 drachmis
1491 1431 1573 1473 vile
1605 1431 1825 1487 pranderet

231 1504 462 1546 obsonium.
527 1503 638 1544 Vide
659 1502 703 1543 in
723 1502 811 1543 vita
833 1501 1091 1557 Berengarii,
1114 1516 1154 1556 p.
1181 1503 1279 1542 221.

296 1572 398 1613 Vide
418 1586 557 1612 veram
585 1571 689 1626 1νερηές
709 1570 1020 1624 descrilnionem
1042 1569 1084 1609 in
1112 1569 1298 1610 Bracton
1319 1569 1368 1609 de
1391 1568 1489 1623 legsq.
1513 1575 1549 1608 et
1577 1566 1820 1609 Consuetud.

232 1640 340 1696 Any.
377 1640 401 1680 l.
441 1643 476 1680 1.
510 1655 541 1680 c.
579 1639 618 1680 8.
652 1640 707 1679 ad
736 1640 904 1695 fi7zem;
955 1638 1025 1692 qm·
1062 1639 1244 1679 trecentis
1278 1638 1329 1678 ab
1365 1638 1455 1678 hinc
1496 1638 1616 1677 annis
1652 1636 1826 1690 scripsit,

232 1715 406 1764 tempore
429 1707 495 1749 sel.
520 1705 694 1748 Henrici
714 1710 752 1747 3.
816 1704 951 1761 [Lord
975 1706 1180 1746 Preston's
1201 1704 1407 1761 writing.]

290 1775 383 1817 Rex
417 1776 687 1817 Hebraeorum
720 1774 883 1831 legibus
915 1789 999 1814 non
1032 1781 1119 1815 erat
1151 1773 1333 1814 solutus:
1376 1773 1472 1814 vide
1496 1767 1732 1814 Sclzz'ckard.
1759 1771 1828 1825 jus

234 1844 409 1899 regium.
475 1843 624 1884 Theor.
649 1844 686 1884 7.

295 1911 492 1953 Seotland
515 1926 596 1952 was
617 1919 659 1952 at
679 1910 767 1952 first
787 1926 839 1952 an
861 1910 1035 1952 elective
1069 1909 1273 1965 kingdom
1310 1909 1373 1950 for
1394 1924 1416 1950 a
1437 1909 1538 1965 long
1570 1909 1671 1950 time
1691 1927 1700 1951 ε
1733 1909 1829 1950 vide

239 1979 348 2020 Hist.
375 1979 483 2020 Scot.

294 2047 452 2088 Franco
503 2062 555 2087 an
597 2045 771 2088 elective
811 2045 1014 2100 kingdom
1057 2044 1190 2085 either
1232 2052 1273 2085 to
1314 2044 1460 2085 choose
1496 2059 1541 2084 or
1581 2051 1624 2084 to
1665 2044 1826 2100 depose.

235 2116 432 2156 Ber-nard
467 2116 514 2157 de
544 2115 702 2158 Girarcl
724 2114 831 2155 Hist.
868 2113 902 2154 F
906 2129 1046 2154 rano:
1091 2113 1180 2153 faut
1211 2120 1330 2153 noter
1364 2112 1440 2153 che
1472 2111 1569 2167 (sic)
1599 2112 1770 2168 jusques
1805 2114 1827 2153 Ξι

236 2182 352 2223 Hues
374 2182 518 2238 Capet,
543 2191 632 2223 tous
662 2181 720 2222 les
750 2181 831 2222 rois
861 2181 912 2221 de
943 2180 977 2220 F
982 2195 1102 2220 rance
1124 2187 1197 2221 ont
1226 2181 1309 2221 este
1331 2180 1445 2221 eleuz
1478 2195 1550 2236 par
1570 2180 1608 2221 le
1630 2179 1664 2220 F
1670 2180 1829 2231 ranQois

235 2250 307 2306 qui
339 2265 380 2291 se
414 2257 668 2292 reserverent
700 2257 808 2291 ceste
840 2248 1053 2304 puissance
1087 2247 1229 2289 d'elire
1262 2263 1284 2289 e
1316 2247 1465 2288 bannir
1497 2263 1519 2288 e
1551 2247 1711 2288 chasser
1738 2248 1827 2289 leur

235 2317 340 2358 rois:
373 2317 400 2359 1.
431 2323 466 2368 l,
488 2332 528 2372 p.
555 2320 620 2368 19,
642 2317 687 2357 in
708 2316 784 2357 fol:
807 2324 849 2357 et
869 2315 896 2356 1.
918 2319 958 2366 3,
981 2330 1022 2370 p.
1046 2318 1137 2365 123,
1161 2314 1354 2355 le‘lection
1377 2314 1498 2354 estc-it
1519 2315 1826 2364 condiffionclle,

236 2394 277 2427 et
298 2402 337 2442 p.
365 2389 461 2436 129,
488 2389 581 2426 134.
643 2384 717 2440 [In
738 2382 940 2439 margin].
1002 2382 1113 2423 Vide
1134 2382 1205 2423 lib.
1228 2381 1553 2422 Franco-Galliae
1573 2382 1695 2422 titulo
1717 2382 1826 2438 apud

245 2456 402 2496 leuan.
426 2454 521 2495 hist.
542 2453 568 2493 1.
591 2455 661 2502 57,
684 2467 724 2508 p.
750 2454 846 2493 969.

296 2523 363 2578 By
394 2522 624 2579 parlament
664 2521 712 2562 of
745 2520 861 2561 three
901 2526 1060 2569 estates,
1095 2518 1182 2559 first
1221 2517 1322 2559 then
1363 2517 1491 2558 found
1533 2526 1618 2566 out,
1658 2517 1827 2559 Charles

238 2591 387 2632 Marte]
418 2606 499 2632 was
526 2590 677 2632 chosen
710 2589 856 2630 Prince
890 2587 938 2628 of
967 2587 1037 2627 the
1073 2586 1247 2627 French.
1311 2587 1442 2627 Bern.
1463 2588 1511 2627 de
1542 2586 1711 2635 (ἶίνανεί,
1735 2586 1762 2628 l.
1786 2590 1826 2635 2,

235 2675 274 2715 p.
316 2662 411 2712 109,
448 2658 530 2699 and
572 2657 704 2714 Pepin
740 2656 870 2712 King,
904 2656 928 2696 l.
962 2659 999 2696 3.
1036 2670 1072 2710 p.
1112 2658 1203 2695 134.
1279 2654 1516 2695 Afterward
1554 2653 1721 2696 Charles
1757 2655 1827 2695 the

294 2740 437 2769 OAMD.
463 2740 552 2768 soc.
658 2761 661 2763 .
1024 2735 1048 2762 F
